2190 3540
95 429 99 434 .
155 375 217 438 ’116
373 376 524 430 antam.
553 377 615 428 Aer.
629 377 671 428 IV.
690 379 798 428 serat

201 530 402 608 Suspicionem
414 531 490 588 hano
502 537 617 607 propter
640 527 754 587 fratrem
775 527 836 606 ejus
860 545 933 601 esse,
956 539 988 588 et

319 626 394 685 illam
408 626 561 702 psaltriam.

157 734 188 786 ιο
201 715 254 788 ut
276 720 309 782 si
329 723 369 781 ita
391 741 503 798 aequum
526 739 637 794 penses,
662 730 710 779 aut
733 719 758 806 pi
781 719 822 778 ita
844 738 917 796 opus
937 729 987 778 est
1081 759 1082 782 ι

317 819 401 891 facto,
416 837 521 876 eamus.
562 817 620 875 He.
643 815 722 874 Bene
735 810 825 873 isoio:

199 913 230 973 N
232 931 277 973 am
291 924 319 973 et
329 908 514 972 'illienimum
524 912 584 990 jam
596 911 745 984 relevabis,
759 927 822 986 quae
836 910 934 969 dolore
947 929 986 970 ao

316 1011 431 1068 miserit

198 1105 353 1178 Tabeseit;
375 1117 403 1164 et
417 1117 467 1164 tuo
480 1105 577 1164 officio
601 1103 689 1163 fueris
713 1103 836 1162 functus.
878 1102 938 1160 Sed
958 1103 985 1160 si

317 1204 397 1261 aliter
410 1213 503 1279 putas,
675 1265 677 1272 ¹

199 1297 322 1376 Egomet
335 1301 455 1356 narrabo
469 1316 531 1374 quae
545 1295 615 1356 mihi
629 1295 708 1354 dixti.
749 1295 804 1354 Mi.
825 1294 919 1352 Immo
927 1313 984 1374 ego
1081 1367 1082 1382 ἵ

315 1394 371 1452 ibo.
411 1393 468 1452 He.
490 1393 570 1450 Bene
584 1393 663 1450 facis.

197 1481 317 1557 Omnes,
331 1486 432 1561 quibas
452 1471 504 1544 res'
520 1496 586 1542 sunt
609 1485 704 1542 minus
725 1484 869 1562 seeundae,
889 1483 984 1562 magis

313 1591 389 1654 sunt,
403 1571 502 1638 neseio
515 1579 669 1656 quomodo,

153 1689 183 1740 15
198 1677 374 1754 suspiciosi:
397 1677 443 1734 -ad
468 1667 673 1734 contumeliam
704 1674 802 1733 omnia
834 1675 984 1752 accipiunt

299 1787 423 1852 magis:

197 1870 316 1948 Propter
343 1889 423 1928 suam
450 1869 645 1946 impotentiam
671 1885 702 1925 se
729 1885 839 1943 semper
859 1867 983 1926 eredunt

242 1995 244 2000 .
313 1966 430 2044 negligi.
521 1989 526 1994 ·

194 2063 377 2140 Quapropter
391 2073 418 2119 te
433 2062 525 2138 ipsum
537 2079 658 2140 purgare
672 2060 740 2138 ipsis
761 2077 869 2132 eoram,
883 2060 981 2137 plaoa·

314 2145 399 2216 torus
413 2145 492 2236 esst„

195 2255 250 2314 Mt.
272 2253 310 2312 Et
322 2263 409 2340 reete,
424 2263 453 2310 et
466 2271 563 2310 verum
584 2253 665 2312 diois.
707 2252 763 2311 He.
785 2254 913 2329 Sequere
934 2272 981 2312 me

312 2349 448 2428 ergohao
462 2349 547 2408 intro.
588 2347 642 2408 rifi.
665 2348 807 2408 Maxume.
984 2355 989 2365 “

492 2585 616 2666 scarae
632 2609 679 2664 rr.

499 2759 674 2818 AEsorrrrtus.

236 2917 423 2985 Dmoaocroa
436 2915 524 2978 animi
536 2935 543 2976 ι
557 2915 680 2978 hoco-ine
693 2917 730 2976 de
742 2915 897 2995 improviso
908 2916 981 2976 mati

251 3039 255 3052 ι
313 3013 385 3073 mihi
398 3013 488 3092 objici
565 3037 566 3040 ¹
