2158 3538
113 315 159 380 i!
354 316 486 378 sitnm.
515 329 577 378 Aer.
589 329 608 377 1.
619 325 735 378 ‘seret
795 355 797 362 ,

160 477 219 540 Cui
241 476 327 537 verba
349 465 417 538 dare
439 477 561 545 diffieiis
583 487 634 538 eat.
674 476 804 538 Primum
825 475 884 554 jam
907 475 948 536 de

278 582 379 634 amore'
387 575 444 634 hoe
457 575 614 652 comperit:

161 667 212 728 Me
231 661 359 752 idienaus
378 677 480 742 servat,
500 687 541 728 ne.
558 687 643 746 quam
663 665 767 726 inciam
787 666 818 728 in
838 665 949 744 nuptiis

278 765 437 826 saiiaeiam:

149 861 195 920 ‘si
214 861 344 934 senserit,
357 861 446 938 perii:
468 869 517 918 aut
535 859 560 918 si
579 859 703 918 lubitum
720 859 814 932 suerit,
830 877 949 918 eausam

278 958 397 1034 ceperit,
505 1031 508 1046 ί
951 1035 957 1042 ἵ

161 1053 232 1118 Quo
249 1054 323 1132 jure,
338 1053 451 1130 quique
469 1051 585 1129 injurii,
597 1048 774 1128 precipitem
789 1061 836 1110 me
849 1051 880 1110 in
892 1051 951 1129 pis·

279 1151 386 1208 trinum
401 1149 488 1207 dabit
548 1193 556 1212 .
649 1179 652 1186 ,
1000 1197 1002 1200 .

119 1249 154 1317 10,
163 1247 212 1304 Ad
231 1247 294 1306 hee
313 1246 390 1304 mals
407 1245 463 1329 hoe
477 1243 548 1304 mihi
562 1245 675 1304 assedit
688 1245 791 1304 etiam:
811 1243 876 1304 haee
888 1244 952 1302 An·

136 1418 140 1427 ι
280 1342 353 1414 dria,

163 1438 232 1498 Sive
246 1438 301 1496 ista
313 1456 395 1511 uxor,
409 1437 474 1497 sire
484 1439 578 1498 amisa
590 1449 643 1512 est,
657 1438 775 1518 gravida
788 1457 805 1497 e
818 1437 952 1514 Pamphi·

279 1533 309 1592 lo
323 1544 374 1596 est.
725 1544 728 1552 '

108 1658 117 1671 ·
164 1631 332 1707 Audireque
340 1651 445 1690 eorum
459 1642 503 1690 est
516 1648 609 1709 operae
622 1631 746 1709 pretium
762 1631 927 1691 audaciam:

165 1725 242 1785 Nam
256 1727 385 1804 inceptio
398 1730 434 1786 'st
448 1727 614 1800 amentium,
629 1727 704 1785 haud
720 1727 883 1796 amantium.

164 1809 317 1900 Quidquid
330 1823 496 1901 peperisset,
510 1810 699 1884 decreverunt
712 1824 820 1882 tollere.

122 1930 153 1980 15
167 1919 205 1978 Et
218 1921 329 1999 fingunt
343 1922 485 1998 quandam
500 1921 573 1986 inter
587 1939 619 1978 se
631 1938 710 1978 nunc
724 1919 876 1992 fallaciam,

167 2017 268 2075 Civem
288 2019 417 2074 Atticam
437 2035 500 2074 esse
518 2016 601 2072 hane.
643 2015 741 2072 “Fuit
754 2015 823 2073 oiim
837 2015 954 2091 quidam

285 2129 384 2184 senen,
837 2123 841 2129 ·

167 2207 330 2270 Mereatur:
356 2223 459 2264 navem
478 2206 503 2264 is
523 2205 607 2284 fregit
628 2208 703 2284 apud
723 2209 856 2271 Andrum
876 2209 955 2268 insu·

284 2303 360 2360 iam:
470 2383 471 2386 Ἴ
788 2373 789 2378 ¹

168 2399 199 2458 Is
212 2399 285 2458 obiit
294 2409 431 2458 mortem:
453 2399 494 2458 ibi
507 2411 568 2459 tum
582 2401 657 2460 inane
669 2403 791 2479 ejectam
805 2401 955 2478 Chrysidis

169 2497 283 2555 Patrem
296 2497 448 2573 recepisse,
462 2500 571 2571 orbam,
585 2517 700 2576 parvam
713 2501 741 2556 :’'
764 2499 883 2556 iabuioei

123 2605 157 2656 20
170 2592 245 2651 Mihi
265 2593 380 2669 quidem
402 2593 526 2675 (hercle)
548 2611 606 2653 non
626 2595 658 2654 iit
677 2595 846 2666 verisimiie;
876 2592 955 2670 atqui

286 2679 356 2766 ipsis
369 2702 563 2772 commentum
576 2691 679 2767 planet.

171 2785 230 2846 Sed
249 2785 341 2862 Mysis
362 2789 398 2846 ab
411 2788 446 2846 ed
459 2787 612 2864 egreditur.
653 2787 695 2844 At
707 2804 762 2864 ego
776 2785 904 2846 hine-me
918 2785 955 2846 ad

287 2883 389 2956 sorum,
403 2893 435 2942 ut
469 2887 472 2916 ³
565 2903 567 2910 ’

171 2979 349 3042 Conveniam
369 2980 558 3058 Pamphilum,
572 2999 609 3040 ne
629 2979 666 3042 de
685 2979 740 3043 hae
759 3001 791 3043 re
808 2989 891 3062 pater
905 2981 957 3042 im-

159 3079 170 3084 ''
286 3076 458 3160 prudentem
472 3077 621 3157 opprimat.
