2190 3540
163 345 221 414 1⁰⁴
386 363 537 414 nnumin.
565 361 680 412 menn
698 361 806 411 semi.

205 511 295 573 Nune
308 513 379 572 mihi
394 511 589 572 auscultandi:
609 512 704 587 pisces
716 529 753 568 ex
762 509 912 568 sententie

205 609 317 668 Nactus
330 629 410 669 sum:
430 611 460 668 hi
471 609 540 668 mihi
549 627 586 666 ne
594 617 819 683 corrumpantur,
829 606 929 664 cautio
938 608 993 664 ’st:

205 705 283 766 Nam
306 707 345 782 ,id
371 707 455 764 nobis
480 715 538 764 tarn
571 704 710 782 flagitium
736 704 781 776 'st,
810 721 896 778 quum
931 703 995 775 iliu,

323 803 442 876 Demea,

205 894 274 958 Non
301 899 395 960 sunere
421 901 509 972 vobis,
533 917 596 975 qum
622 897 709 954 modo
731 896 821 956 dixti:
848 905 888 968 et,
915 895 997 972 quod

323 1011 407 1071 queo,

161 1089 192 1138 ⁷⁰
206 1091 360 1150 Conservis
374 1091 407 1149 ad
422 1090 545 1148 eundern
558 1088 653 1146 istuue
665 1086 803 1163 praeeipio
823 1086 965 1144 modurn:

206 1193 226 1222 “
236 1187 303 1245 Hoc
324 1187 428 1245 salsum
452 1188 501 1254 ἐἰς
513 1187 529 1212 ”
553 1191 571 1218 “
584 1185 639 1240 hoc
654 1183 785 1240 adustum
799 1183 850 1252 ’st;
862 1185 879 1210 '’
903 1190 924 1216 “
938 1183 996 1240 hoe

321 1283 428 1340 lautum
443 1283 478 1337 'st
491 1299 591 1355 perum
603 1300 610 1348 ;
620 1280 637 1308 '³

207 1377 308 1436 “Illud
323 1388 401 1434 reete
413 1395 420 1434 z
431 1377 448 1404 '³
470 1383 488 1408 ‘⁴
501 1376 603 1432 iterum
617 1375 660 1431 sic
677 1385 819 1431 memento
832 1393 838 1429 :
851 1374 868 1402 ’'
890 1373 996 1434 sedulo

206 1469 324 1542 Moneo,
338 1488 400 1545 quae
412 1487 538 1542 possum,
551 1485 604 1544 pro
617 1468 681 1525 mei
695 1467 843 1542 sapienti&

206 1565 361 1638 Postremo,
395 1575 530 1640 tanquam
565 1565 596 1621 in
628 1563 785 1639 speculum,
812 1562 842 1621 in
867 1563 994 1638 patinas,

324 1662 443 1732 Demea,
815 1715 819 1721 .

161 1763 193 1814 75
207 1758 352 1835 Inspicere
363 1759 459 1835 jubeo,
481 1768 510 1816 et
532 1775 646 1827 moneo,
660 1754 727 1830 quid
742 1754 818 1812 fecto
831 1773 901 1812 usus
914 1755 981 1814 siet

208 1851 309 1933 Inepta
322 1857 384 1914 hue
398 1870 470 1927 esse,
484 1873 537 1912 nos
550 1872 612 1928 quae
627 1851 757 1922 facimus,
771 1851 885 1909 sentio:

206 1953 314 2012 Verum
342 1953 410 2028 quid
437 1951 545 2009 saniusi
579 1961 611 2008 ut
631 1947 717 2006 homo
744 1949 790 2019 'st,
817 1947 858 2005 itu
881 1965 995 2006 morem

344 2067 415 2105 ens.
519 2099 521 2104 .

207 2069 444 2218 Numquidrvist
493 2141 550 2199 De.
582 2139 711 2197 Mentem
737 2138 818 2198 vobis
841 2139 994 2198 meliorem

323 2238 393 2296 dari.

207 2335 259 2412 Sy.
280 2335 329 2394 Tu
342 2353 391 2392 rus
404 2333 472 2391 hine
493 2333 575 2390 abisi
617 2331 671 2390 De.
692 2330 797 2389 Recte.
838 2330 891 2407 Sy.
913 2330 994 2390 Nam

205 2465 207 2474 ι
324 2431 392 2506 quid
406 2441 437 2488 tu
452 2429 499 2488 hic
515 2447 591 2506 agas,

161 2525 272 2600 neubi,
287 2528 392 2602 siquid
407 2527 480 2584 bene
492 2523 650 2601 prssoipins,
664 2541 749 2581 nemo
762 2523 962 2598 obtemperet?

206 2623 263 2684 De.
284 2623 348 2700 Ego
362 2640 428 2680 vero
441 2605 509 2678 hine
524 2622 604 2691 abeo,
619 2619 734 2694 quando
748 2619 782 2692 is,
803 2621 993 2694 quamobrem

322 2719 380 2776 hue
394 2735 536 2787 veneram,

206 2817 271 2876 Rus
286 2814 373 2873 abiit:
395 2813 473 2871 illum
489 2830 558 2870 suro
571 2829 676 2869 unum:
699 2811 747 2870 ille
761 2811 796 2869 nd
810 2829 857 2870 me
878 2811 990 2872 attinet.

204 2910 333 2976 Quando
343 2910 387 2979 ita
399 2909 456 2969 volt
470 2908 565 2979 frater,
579 2907 615 2965 de
629 2907 702 2965 istoc
716 2906 776 2982 ipse
789 2907 902 2964 viderit.

206 3009 266 3070 sed
278 3007 342 3086 quis
355 3005 415 3064 illie
428 3015 480 3080 est,
493 3003 594 3082 procui
603 3021 688 3081 quem
698 3003 801 3062 vident
834 3002 925 3063 Estne
939 3002 992 3062 hie

322 3103 429 3184 Hegio,
