2158 3538
328 326 461 378 hunam.
490 329 553 378 hor.
564 329 583 377 1.
602 329 680 378 Seru.
691 329 712 377 1.
902 316 940 380 lC

108 471 176 552 Dic,
189 477 282 552 sodes,
303 477 367 558 quis
386 477 449 537 heri
468 477 640 556 Chrysidem
658 477 804 537 habrum
824 493 894 538 nam

222 575 343 634 Andriae

103 669 152 728 Ihi
167 671 197 729 id
210 681 271 730 erat
284 679 400 756 nomen.
442 671 489 730 So.
510 667 624 732 Teneo.
662 671 707 730 Si.
727 669 892 746 Phoedrum,

224 777 273 826 aut
286 767 416 826 Cliniam

102 861 260 937 Dicebant,
273 875 323 923 aut
337 863 367 921 N
369 865 524 934 iceratum;
544 881 612 922 nam
626 863 657 920 hi
670 872 797 922 trestum
808 862 892 923 simul
906 870 939 922 60

101 959 261 1018 Amabant.
304 957 415 1018 “Ehoi
435 959 729 1038 quidPamphilusi”
764 959 894 1022 “Quidt

23 1053 25 1056 ’
225 1055 384 1132 symbolam

100 1153 214 1225 Dedit;
236 1153 384 1211 coenavit.”
423 1153 601 1213 Gaudebam.
642 1151 716 1212 Item
732 1151 850 1213 eiicdic

99 1250 300 1312 Quaerebam:
321 1251 542 1328 comperiebam,
557 1251 629 1308 nihil
645 1251 679 1308 ad
693 1249 876 1328 Pamphilum

100 1347 274 1424 Quidquam
290 1349 426 1406 attinere:
448 1348 593 1406 enimvero
607 1358 766 1426 spectatum
780 1348 849 1406 satis

99 1443 255 1518 Putabam,
269 1455 298 1503 et
311 1463 448 1524 megnum
461 1446 629 1521 exemplum·
638 1445 841 1505 continentiae:
907 1455 940 1508 65
967 1516 972 1525 Ι

99 1541 181 1600 Nam
197 1543 246 1618 qui
260 1559 327 1600 com
341 1543 468 1620 ingeniis
480 1541 662 1600 conflictatur
676 1541 828 1620 ejusmodi,

99 1637 210 1713 Neque
223 1637 418 1699 commovetur
433 1639 544 1697 animus
557 1639 587 1697 in
602 1639 637 1698 ed
650 1657 682 1697 re
695 1649 802 1708 tamen,

101 1734 193 1793 Scias
206 1746 290 1809 posse
302 1735 408 1792 habere
420 1735 478 1810 jam
491 1736 584 1812 ipsum
598 1753 656 1792 sua
669 1735 733 1794 vite
746 1735 872 1796 modum.

101 1829 186 1889 Cum
201 1829 229 1888 id
244 1829 314 1886 mihi
328 1829 469 1906 placebat,
480 1840 541 1887 tum
552 1849 610 1887 uno
621 1846 671 1887 ore
684 1847 783 1890 omncs
796 1831 894 1892 omnia

100 1927 191 1986 Bona
205 1927 313 1998 dicere,
327 1935 357 1984 et
369 1925 486 1986 laudare
500 1927 627 1984 fortunas
640 1945 727 1998 meas,
897 1937 939 1996 -70

99 2023 168 2086 Qui
182 2024 301 2100 gnatum
314 2021 450 2082 haberem
464 2021 514 2080 teli
528 2023 645 2100 iugenio
656 2021 816 2102 preditum.

98 2119 188 2183 Quid
216 2120 310 2181 verbis
344 2138 416 2197 opus
448 2121 511 2178 estu
544 2120 600 2178 hac
633 2121 709 2180 semi
742 2119 892 2200 impulsus,

223 2216 362 2275 Chremes

101 2309 188 2370 Ultro
202 2309 236 2369 ad
251 2310 399 2383 mevenit,
413 2309 529 2370 unicam
543 2320 658 2388 gnatam
672 2329 754 2370 suam

103 2405 182 2465 Cum
196 2405 262 2463 dote
276 2405 388 2464 summi
400 2405 460 2463 filio
473 2421 592 2463 uxorem
606 2415 637 2463 ut
651 2406 740 2464 daret.
866 2403 870 2408 '

102 2501 235 2572 Placuit3
256 2497 412 2580 despondi:
433 2502 482 2560 hic
495 2501 603 2579 nuptiis
617 2502 712 2561 dictus
726 2509 770 2559 est
782 2499 854 2559 dies.
902 2497 936 2559 78

102 2598 154 2658 So.
175 2597 258 2660 Quid
277 2599 379 2673 obstat,
394 2618 446 2658 cur
465 2615 526 2657 non
540 2617 615 2657 verre
634 2597 725 2657 fiantt
764 2595 809 2654 Si.
830 2597 891 2658 Au·

223 2695 292 2754 dies.
631 2690 636 2700 '
845 2703 847 2710 “

102 2791 178 2852 Fere
192 2791 223 2850 in
238 2791 338 2851 diebus
350 2791 461 2870 paucis,
476 2789 580 2867 quibus
594 2789 657 2850 hec
672 2799 737 2848 acta
749 2798 826 2864 sunt,

104 2889 224 2968 Chrysis
249 2889 346 2948 vicina
371 2887 435 2948 hec
467 2887 597 2950 moritur.
656 2883 755 2946 Sao
781 2885 891 2947 factum

220 2985 322 3044 benet
400 2987 403 2994 '

104 3079 220 3142 Bebrti:
240 3073 331 3140 metui
345 3099 363 3139 a
375 3078 525 3155 Chryside.
565 3077 609 3138 Si.
630 3075 677 3134 Ibi
689 3073 840 3132 tummim

227 3197 244 3236 a
341 3175 363 3234 2
