2190 3540
157 340 214 403 lm
385 347 537 398 suenrus
567 347 667 396 serv,
687 345 794 394 nesse

198 497 252 558 Mi.
274 495 468 574 Nonaequum
481 497 570 569 diois3
592 515 665 556 non:
686 514 754 554 nam
767 504 847 554 vetus
867 491 990 554 verbum

316 595 371 654 hoo
385 595 500 670 quidem
513 604 575 666 est,-

199 690 374 750 Commuuin
386 709 448 750 esse
463 691 621 749 amicorum
634 689 709 750 inter
723 707 754 747 se
768 688 873 747 omnin.

199 787 255 846 De.
276 787 401 846 Facete!
422 806 501 844 nuno
514 787 629 845 demum
643 786 798 844 istaeonate
811 785 904 844 oratio
914 795 969 844 est.

154 883 186 935 2⁰
199 883 253 944 Mi.
275 872 417 944 Ausculto
429 884 539 961 paneis,
554 883 610 942 nisi
624 882 773 942 molestum
788 892 840 954 est,
865 881 988 941 Demos.

199 979 356 1058 Principio,
371 981 396 1040 si
410 981 439 1038 id
452 980 615 1051 te'mordet‚
630 989 754 1046 sumtum
768 977 820 1036 filii
897 1009 899 1016 ·

198 1075 297 1138 Quem
311 1077 429 1149 sneiun't,
443 1094 538 1153 queso
552 1076 639 1134 snoito
653 1075 716 1134 haeo
728 1073 969 1154 teonmooffitns:

199 1172 249 1232 Tu
264 1173 328 1232 illos
341 1174 412 1234 duos
423 1173 492 1232 olim
505 1191 558 1249 pro
571 1191 602 1230 re
616 1172 736 1230 tollebas
749 1172 809 1244 tud,
926 1225 930 1234 ,

199 1267 290 1330 Quod
303 1269 372 1326 setis
385 1269 505 1345 putabas
517 1279 568 1326 tuo
581 1268 657 1326 bons
670 1267 808 1326 ambobus
823 1265 893 1339 fore,

154 1371 187 1422 25
200 1363 239 1422 Et
253 1381 298 1422 me
312 1374 372 1422 tum
386 1382 503 1424 uxorem
516 1363 674 1436 credidisti,
687 1363 810 1435 seilicet,

204 1459 384 1518 Duoturum:
416 1459 537 1518 eandem
558 1459 647 1518 villum
673 1459 813 1521 rationem
838 1457 989 1536 antiquum

316 1555 432 1614 obtine:
928 1617 929 1620 ,

200 1650 356 1724 conserua,
370 1669 474 1728 quere,
488 1669 594 1728 poree:
615 1651 661 1712 feo
675 1651 929 1729 quamplurimum

200 1747 261 1806 Illis
275 1747 436 1824 relinquas:
457 1748 577 1826 glorium
590 1758 622 1806 tu
636 1749 718 1808 istum
732 1749 839 1810 obtine.

200 1843 279 1918 Mes,
293 1865 356 1922 que
369 1856 471 1923 preter
485 1864 565 1922 spem
578 1829 716 1918 eminere,⁴
724 1855 840 1910 utantur
853 1846 926 1906 sine.

155 1953 187 2007 30
201 1941 247 2000 De
260 1942 371 2002 summd
384 1943 456 2004 nihil
470 1942 607 2003 decedet:
628 1942 704 2017 quod
718 1941 787 2000 bino
801 1941 969 2020 eoosmerit,

200 2039 234 2097 Id
249 2039 285 2097 de
297 2038 378 2098 luero
390 2023 491 2115 fruteto*
501 2057 565 2096 esse
577 2057 670 2097 omne.
711 2037 785 2097 Haeo
794 2039 823 2102 ,si
836 2040 916 2100 voles

199 2134 236 2193 In
251 2135 346 2194 neimo
359 2153 426 2192 vere
440 2134 711 2211 negitare,{Demee,

200 2230 239 2288 Et
251 2229 332 2302 mihi,
347 2240 375 2288 et
388 2229 451 2302 tibi,
465 2240 494 2288 et
508 2229 564 2288 illis
577 2230 714 2290 demseris
727 2230 895 2292 molestiam.

204 2325 256 2384 De.
272 2325 365 2384 Muto
378 2345 457 2385 rem:
480 2327 718 2392 consuetudinem
738 2328 866 2404 ipsorum
889 2371 897 2387 .
919 2372 926 2388 .

316 2422 370 2482 M.
392 2421 499 2480 Mene:

154 2525 186 2576 35
200 2516 288 2576 Soio:
310 2517 384 2576 istuc
398 2519 482 2576 ibam.
523 2517 618 2576 Multa
631 2519 661 2577 in
675 2519 800 2593 homine,
814 2519 937 2596 Demos,

199 2614 291 2692 Signa
304 2613 410 2686 insunt,
423 2615 576 2694 exquibus
589 2615 762 2691 conjecturs
770 2617 928 2689 sneilofit3.

199 2709 266 2770 Duo
280 2728 346 2768 oum
358 2709 435 2768 idem
447 2710 566 2782 seoiurrt,
580 2727 664 2786 sepe,
677 2722 709 2770 nt
721 2713 813 2788 possis
826 2709 934 2786 didere,

199 2806 268 2866 Hoo
280 2805 350 2887 lieet
362 2806 478 2882 impune
492 2806 588 2869 saeue
598 2807 684 2879 buin,
693 2807 735 2866 illi
747 2795 806 2868 non
818 2809 905 2870 lieet:

200 2903 270 2962 Non
282 2903 359 2980 quod
371 2902 516 2961 dissimilis
528 2921 574 2962 res
586 2903 632 2976 sit,
644 2904 694 2962 red
707 2905 830 2979 quodie,
844 2905 895 2981 qui
905 2905 986 2972 feeit.

154 3006 187 3059 to
199 2999 345 3082 Qun-ogo
357 2999 415 3062 iilis
425 2998 521 3060 inesse
534 2999 627 3073 rideo,
642 3009 674 3060 ut
686 3001 831 3068 monum
843 3001 913 3075 sote,

178 3166 199 3202 4
