<?xml version="1.0" encoding="UTF-8"?>
<!DOCTYPE html PUBLIC "-//W3C//DTD XHTML 1.0 Transitional//EN"
    "http://www.w3.org/TR/xhtml1/DTD/xhtml1-transitional.dtd">
<html xmlns="http://www.w3.org/1999/xhtml" xml:lang="en" lang="en">
 <head>
  <title>
</title>
<meta http-equiv="Content-Type" content="text/html;charset=utf-8" />
  <meta name='ocr-system' content='tesseract 3.04.00' />
  <meta name='ocr-capabilities' content='ocr_page ocr_carea ocr_par ocr_line ocrx_word'/>
</head>
<body>
  <div class='ocr_page' id='page_1' title='image "./pubterentiiafri01teregoog/pubterentiiafri01teregoog_0053.png"; bbox 0 0 2158 3538; ppageno 0'>
   <div class='ocr_carea' id='block_1_1' title="bbox 147 327 791 388">
    <p class='ocr_par' dir='ltr' id='par_1_1' title="bbox 147 327 791 388">
     <span class='ocr_line' id='line_1_1' title="bbox 147 327 791 388; baseline 0 0"><span class='ocrx_word' id='word_1_1' title='bbox 147 327 188 388; x_wconf 73' lang='lat' dir='ltr'><strong>lc</strong></span> <span class='ocrx_word' id='word_1_2' title='bbox 385 341 518 388; x_wconf 71' lang='lat' dir='ltr'><strong>Arcem.</strong></span> <span class='ocrx_word' id='word_1_3' title='bbox 547 341 609 388; x_wconf 63' lang='lat' dir='ltr'><strong>mr.</strong></span> <span class='ocrx_word' id='word_1_4' title='bbox 620 341 663 388; x_wconf 91' lang='lat'>111.</span> <span class='ocrx_word' id='word_1_5' title='bbox 682 342 791 388; x_wconf 68' lang='lat' dir='ltr'><strong>acm</strong></span> 
     </span>
    </p>
   </div>
   <div class='ocr_carea' id='block_1_2' title="bbox 191 485 976 654">
    <p class='ocr_par' dir='ltr' id='par_1_2' title="bbox 191 485 976 654">
     <span class='ocr_line' id='line_1_2' title="bbox 191 485 976 566; baseline 0.005 -24"><span class='ocrx_word' id='word_1_6' title='bbox 191 485 237 543; x_wconf 65' lang='lat' dir='ltr'><strong>m.</strong></span> <span class='ocrx_word' id='word_1_7' title='bbox 259 485 325 546; x_wconf 87' lang='lat' dir='ltr'><strong>Hoc</strong></span> <span class='ocrx_word' id='word_1_8' title='bbox 339 488 413 547; x_wconf 81' lang='lat' dir='ltr'><strong>cudi.</strong></span> <span class='ocrx_word' id='word_1_9' title='bbox 454 488 493 547; x_wconf 85' lang='lat' dir='ltr'><strong>Ut</strong></span> <span class='ocrx_word' id='word_1_10' title='bbox 506 487 575 548; x_wconf 90' lang='lat' dir='ltr'><strong>hinc</strong></span> <span class='ocrx_word' id='word_1_11' title='bbox 587 499 617 548; x_wconf 91' lang='lat' dir='ltr'><strong>te</strong></span> <span class='ocrx_word' id='word_1_12' title='bbox 630 489 762 548; x_wconf 80' lang='lat' dir='ltr'><strong>introire</strong></span> <span class='ocrx_word' id='word_1_13' title='bbox 779 487 860 566; x_wconf 76' lang='lat' dir='ltr'><strong>jumi,</strong></span> <span class='ocrx_word' id='word_1_14' title='bbox 874 505 976 565; x_wconf 79' lang='lat' dir='ltr'><strong>opper-</strong></span> 
     </span>
     <span class='ocr_line' id='line_1_3' title="bbox 206 585 763 654; baseline 0.007 -13"><span class='ocrx_word' id='word_1_15' title='bbox 206 621 210 626; x_wconf 86' lang='lat'>·</span> <span class='ocrx_word' id='word_1_16' title='bbox 309 593 378 642; x_wconf 85' lang='lat' dir='ltr'><strong>tune</strong></span> <span class='ocrx_word' id='word_1_17' title='bbox 392 585 440 642; x_wconf 94' lang='lat' dir='ltr'><strong>hic</strong></span> <span class='ocrx_word' id='word_1_18' title='bbox 453 586 484 642; x_wconf 88' lang='lat' dir='ltr'><strong>fit</strong></span> <span class='ocrx_word' id='word_1_19' title='bbox 497 587 567 647; x_wconf 89' lang='lat' dir='ltr'><strong>mihi</strong></span> <span class='ocrx_word' id='word_1_20' title='bbox 581 587 701 645; x_wconf 85' lang='lat' dir='ltr'><strong>obviam.</strong></span> <span class='ocrx_word' id='word_1_21' title='bbox 761 645 763 654; x_wconf 84' lang='lat'>.</span> 
     </span>
    </p>
   </div>
   <div class='ocr_carea' id='block_1_3' title="bbox 1064 458 1069 501">
    <p class='ocr_par' dir='ltr' id='par_1_3' title="bbox 1064 458 1069 501">
     <span class='ocr_line' id='line_1_4' title="bbox 1064 458 1069 501; baseline 0 0"><span class='ocrx_word' id='word_1_22' title='bbox 1064 458 1069 501; x_wconf 87' lang='lat' dir='ltr'><strong>i</strong></span> 
     </span>
    </p>
   </div>
   <div class='ocr_carea' id='block_1_4' title="bbox 193 677 1068 759">
    <p class='ocr_par' dir='ltr' id='par_1_4' title="bbox 193 677 1068 759">
     <span class='ocr_line' id='line_1_5' title="bbox 193 677 1068 759; baseline 0.006 -23"><span class='ocrx_word' id='word_1_23' title='bbox 193 677 254 737; x_wconf 87' lang='lat' dir='ltr'><strong>Da.</strong></span> <span class='ocrx_word' id='word_1_24' title='bbox 276 678 371 740; x_wconf 87' lang='lat' dir='ltr'><strong>Heml</strong></span> <span class='ocrx_word' id='word_1_25' title='bbox 412 701 548 739; x_wconf 78' lang='lat' dir='ltr'><strong>numnam</strong></span> <span class='ocrx_word' id='word_1_26' title='bbox 580 683 736 759; x_wconf 71' lang='lat' dir='ltr'><strong>periimus?</strong></span> <span class='ocrx_word' id='word_1_27' title='bbox 802 682 845 740; x_wconf 69' lang='lat' dir='ltr'><strong>Si.</strong></span> <span class='ocrx_word' id='word_1_28' title='bbox 879 681 975 740; x_wconf 76' lang='lat' dir='ltr'><strong>Narro</strong></span> <span class='ocrx_word' id='word_1_29' title='bbox 1063 704 1068 731; x_wconf 68' lang='lat'><em>⁶</em></span> 
     </span>
    </p>
   </div>
   <div class='ocr_carea' id='block_1_5' title="bbox 137 775 976 2282">
    <p class='ocr_par' dir='ltr' id='par_1_5' title="bbox 137 775 976 2282">
     <span class='ocr_line' id='line_1_6' title="bbox 309 775 856 852; baseline 0.004 -21"><span class='ocrx_word' id='word_1_30' title='bbox 309 775 386 848; x_wconf 90' lang='lat' dir='ltr'><strong>huic,</strong></span> <span class='ocrx_word' id='word_1_31' title='bbox 402 796 463 852; x_wconf 80' lang='lat' dir='ltr'><strong>qum</strong></span> <span class='ocrx_word' id='word_1_32' title='bbox 477 787 509 834; x_wconf 86' lang='lat' dir='ltr'><strong>tu</strong></span> <span class='ocrx_word' id='word_1_33' title='bbox 522 778 631 834; x_wconf 86' lang='lat' dir='ltr'><strong>dudum</strong></span> <span class='ocrx_word' id='word_1_34' title='bbox 643 777 764 834; x_wconf 77' lang='lat' dir='ltr'><strong>nmrilsti</strong></span> <span class='ocrx_word' id='word_1_35' title='bbox 777 776 856 834; x_wconf 92' lang='lat' dir='ltr'><strong>mihi.</strong></span> 
     </span>
     <span class='ocr_line' id='line_1_7' title="bbox 192 868 976 944; baseline 0.004 -17"><span class='ocrx_word' id='word_1_36' title='bbox 192 868 254 928; x_wconf 87' lang='lat' dir='ltr'><strong>Da.</strong></span> <span class='ocrx_word' id='word_1_37' title='bbox 275 869 423 934; x_wconf 79' lang='lat' dir='ltr'>Quidnam</span> <span class='ocrx_word' id='word_1_38' title='bbox 447 873 552 930; x_wconf 85' lang='lat' dir='ltr'><strong>audiol</strong></span> <span class='ocrx_word' id='word_1_39' title='bbox 593 873 635 930; x_wconf 76' lang='lat' dir='ltr'><strong>Si.</strong></span> <span class='ocrx_word' id='word_1_40' title='bbox 657 873 779 930; x_wconf 74' lang='lat' dir='ltr'><strong>Gnatam</strong></span> <span class='ocrx_word' id='word_1_41' title='bbox 799 883 831 929; x_wconf 91' lang='lat' dir='ltr'><strong>ut</strong></span> <span class='ocrx_word' id='word_1_42' title='bbox 848 873 976 944; x_wconf 81' lang='lat' dir='ltr'><strong>detero,</strong></span> 
     </span>
     <span class='ocr_line' id='line_1_8' title="bbox 309 967 924 1043; baseline 0.002 -20"><span class='ocrx_word' id='word_1_43' title='bbox 309 967 411 1043; x_wconf 83' lang='lat' dir='ltr'><strong>vixque</strong></span> <span class='ocrx_word' id='word_1_44' title='bbox 425 968 454 1024; x_wconf 94' lang='lat' dir='ltr'><strong>id</strong></span> <span class='ocrx_word' id='word_1_45' title='bbox 468 986 562 1025; x_wconf 86' lang='lat' dir='ltr'><strong>exoro.</strong></span> <span class='ocrx_word' id='word_1_46' title='bbox 603 967 665 1025; x_wconf 86' lang='lat' dir='ltr'><strong>Da.</strong></span> <span class='ocrx_word' id='word_1_47' title='bbox 686 967 809 1024; x_wconf 83' lang='lat' dir='ltr'><strong>Occidi!</strong></span> <span class='ocrx_word' id='word_1_48' title='bbox 918 1023 924 1037; x_wconf 63' lang='grc'><strong>,</strong></span> 
     </span>
     <span class='ocr_line' id='line_1_9' title="bbox 192 1061 975 1139; baseline 0 -19"><span class='ocrx_word' id='word_1_49' title='bbox 192 1061 235 1120; x_wconf 75' lang='lat' dir='ltr'><strong>si.</strong></span> <span class='ocrx_word' id='word_1_50' title='bbox 258 1061 353 1122; x_wconf 87' lang='lat' dir='ltr'>Hem!</span> <span class='ocrx_word' id='word_1_51' title='bbox 384 1064 452 1138; x_wconf 92' lang='lat' dir='ltr'><strong>quid</strong></span> <span class='ocrx_word' id='word_1_52' title='bbox 475 1063 567 1120; x_wconf 83' lang='lat' dir='ltr'><strong>dixtil</strong></span> <span class='ocrx_word' id='word_1_53' title='bbox 624 1064 686 1121; x_wconf 85' lang='lat' dir='ltr'><strong>Da.</strong></span> <span class='ocrx_word' id='word_1_54' title='bbox 708 1063 834 1139; x_wconf 83' lang='lat' dir='ltr'><strong>Optume</strong></span> <span class='ocrx_word' id='word_1_55' title='bbox 857 1063 975 1138; x_wconf 80' lang='lat' dir='ltr'><strong>inquam</strong></span> 
     </span>
     <span class='ocr_line' id='line_1_10' title="bbox 310 1158 976 1236; baseline 0 -19"><span class='ocrx_word' id='word_1_56' title='bbox 310 1160 434 1217; x_wconf 80' lang='lat' dir='ltr'><strong>facium!</strong></span> <span class='ocrx_word' id='word_1_57' title='bbox 487 1159 530 1217; x_wconf 70' lang='lat' dir='ltr'><strong>m·</strong></span> <span class='ocrx_word' id='word_1_58' title='bbox 551 1158 640 1218; x_wconf 85' lang='lat' dir='ltr'><strong>Nunc</strong></span> <span class='ocrx_word' id='word_1_59' title='bbox 662 1179 712 1236; x_wconf 87' lang='lat' dir='ltr'><strong>per</strong></span> <span class='ocrx_word' id='word_1_60' title='bbox 736 1159 814 1218; x_wconf 91' lang='lat' dir='ltr'><strong>hunc</strong></span> <span class='ocrx_word' id='word_1_61' title='bbox 836 1160 916 1217; x_wconf 82' lang='lat' dir='ltr'><strong>nulle</strong></span> <span class='ocrx_word' id='word_1_62' title='bbox 935 1162 976 1217; x_wconf 63' lang='grc' dir='ltr'><strong>ἐἰ</strong></span> 
     </span>
     <span class='ocr_line' id='line_1_11' title="bbox 308 1273 395 1330; baseline 0.013 -20"><span class='ocrx_word' id='word_1_63' title='bbox 308 1273 395 1330; x_wconf 78' lang='lat' dir='ltr'><strong>mera.</strong></span> 
     </span>
     <span class='ocr_line' id='line_1_12' title="bbox 146 1348 972 1426; baseline 0.005 -22"><span class='ocrx_word' id='word_1_64' title='bbox 146 1355 178 1404; x_wconf 84' lang='lat'><strong>15</strong></span> <span class='ocrx_word' id='word_1_65' title='bbox 194 1348 246 1408; x_wconf 69' lang='grc' dir='ltr'><strong>θλ.</strong></span> <span class='ocrx_word' id='word_1_66' title='bbox 267 1348 392 1406; x_wconf 89' lang='lat' dir='ltr'><strong>Domum</strong></span> <span class='ocrx_word' id='word_1_67' title='bbox 412 1349 498 1406; x_wconf 89' lang='lat' dir='ltr'><strong>modo</strong></span> <span class='ocrx_word' id='word_1_68' title='bbox 518 1350 585 1407; x_wconf 88' lang='lat' dir='ltr'><strong>ibo:</strong></span> <span class='ocrx_word' id='word_1_69' title='bbox 605 1360 637 1408; x_wconf 88' lang='lat' dir='ltr'><strong>ut</strong></span> <span class='ocrx_word' id='word_1_70' title='bbox 658 1359 837 1426; x_wconf 79' lang='lat' dir='ltr'>apparentur,</span> <span class='ocrx_word' id='word_1_71' title='bbox 856 1351 972 1409; x_wconf 83' lang='lat' dir='ltr'><strong>dicam:</strong></span> 
     </span>
     <span class='ocr_line' id='line_1_13' title="bbox 191 1445 647 1519; baseline 0.014 -21"><span class='ocrx_word' id='word_1_72' title='bbox 191 1491 194 1498; x_wconf 79' lang='grc'>,</span> <span class='ocrx_word' id='word_1_73' title='bbox 310 1453 393 1519; x_wconf 79' lang='lat' dir='ltr'><strong>atquc</strong></span> <span class='ocrx_word' id='word_1_74' title='bbox 407 1445 464 1502; x_wconf 92' lang='lat' dir='ltr'><strong>huc</strong></span> <span class='ocrx_word' id='word_1_75' title='bbox 478 1445 647 1512; x_wconf 83' lang='lat' dir='ltr'><strong>renuntio.</strong></span> 
     </span>
     <span class='ocr_line' id='line_1_14' title="bbox 192 1539 973 1617; baseline 0.005 -19"><span class='ocrx_word' id='word_1_76' title='bbox 192 1541 235 1598; x_wconf 70' lang='lat' dir='ltr'><strong>Si</strong></span> <span class='ocrx_word' id='word_1_77' title='bbox 256 1539 345 1598; x_wconf 89' lang='lat' dir='ltr'><strong>Nunc</strong></span> <span class='ocrx_word' id='word_1_78' title='bbox 371 1550 400 1598; x_wconf 85' lang='lat' dir='ltr'><strong>te</strong></span> <span class='ocrx_word' id='word_1_79' title='bbox 426 1559 499 1613; x_wconf 92' lang='lat' dir='ltr'><strong>oro,</strong></span> <span class='ocrx_word' id='word_1_80' title='bbox 514 1541 603 1614; x_wconf 80' lang='lat' dir='ltr'><strong>Dave,</strong></span> <span class='ocrx_word' id='word_1_81' title='bbox 631 1541 766 1617; x_wconf 81' lang='lat' dir='ltr'><strong>quoniam</strong></span> <span class='ocrx_word' id='word_1_82' title='bbox 798 1541 875 1600; x_wconf 80' lang='lat' dir='ltr'><strong>solus</strong></span> <span class='ocrx_word' id='word_1_83' title='bbox 900 1543 973 1602; x_wconf 89' lang='lat' dir='ltr'><strong>mihi</strong></span> 
     </span>
     <span class='ocr_line' id='line_1_15' title="bbox 307 1636 753 1715; baseline 0.007 -21"><span class='ocrx_word' id='word_1_84' title='bbox 307 1636 427 1694; x_wconf 85' lang='lat' dir='ltr'><strong>effecisti</strong></span> <span class='ocrx_word' id='word_1_85' title='bbox 440 1637 491 1695; x_wconf 81' lang='lat' dir='ltr'><strong>hes</strong></span> <span class='ocrx_word' id='word_1_86' title='bbox 503 1638 617 1715; x_wconf 77' lang='lat' dir='ltr'><strong>nuptias</strong></span> <span class='ocrx_word' id='word_1_87' title='bbox 631 1681 753 1697; x_wconf 89' lang='grc'><strong>.....</strong></span> 
     </span>
     <span class='ocr_line' id='line_1_16' title="bbox 190 1731 972 1812; baseline 0.004 -21"><span class='ocrx_word' id='word_1_88' title='bbox 190 1731 252 1792; x_wconf 82' lang='grc' dir='ltr'><strong>Πα.</strong></span> <span class='ocrx_word' id='word_1_89' title='bbox 274 1732 338 1811; x_wconf 86' lang='lat' dir='ltr'><strong>Ego</strong></span> <span class='ocrx_word' id='word_1_90' title='bbox 358 1752 424 1792; x_wconf 85' lang='lat' dir='ltr'><strong>vero</strong></span> <span class='ocrx_word' id='word_1_91' title='bbox 444 1734 537 1792; x_wconf 81' lang='lat' dir='ltr'><strong>solue.</strong></span> <span class='ocrx_word' id='word_1_92' title='bbox 577 1735 620 1793; x_wconf 76' lang='lat' dir='ltr'><strong>si.</strong></span> <span class='ocrx_word' id='word_1_93' title='bbox 642 1733 794 1812; x_wconf 73' lang='lat' dir='ltr'><strong>corrigere</strong></span> <span class='ocrx_word' id='word_1_94' title='bbox 813 1734 884 1797; x_wconf 88' lang='lat' dir='ltr'><strong>mihi</strong></span> <span class='ocrx_word' id='word_1_95' title='bbox 902 1755 972 1812; x_wconf 83' lang='lat' dir='ltr'><strong>gne·</strong></span> 
     </span>
     <span class='ocr_line' id='line_1_17' title="bbox 306 1829 594 1905; baseline 0.007 -19"><span class='ocrx_word' id='word_1_96' title='bbox 306 1838 367 1886; x_wconf 87' lang='lat' dir='ltr'><strong>tum</strong></span> <span class='ocrx_word' id='word_1_97' title='bbox 379 1847 464 1905; x_wconf 82' lang='lat' dir='ltr'><strong>porto</strong></span> <span class='ocrx_word' id='word_1_98' title='bbox 478 1829 594 1888; x_wconf 78' lang='lat' dir='ltr'><strong>enitere</strong></span> 
     </span>
     <span class='ocr_line' id='line_1_18' title="bbox 189 1924 970 2000; baseline -0.001 -15"><span class='ocrx_word' id='word_1_99' title='bbox 189 1924 252 1985; x_wconf 86' lang='lat' dir='ltr'><strong>Da</strong></span> <span class='ocrx_word' id='word_1_100' title='bbox 273 1925 392 1984; x_wconf 79' lang='lat' dir='ltr'><strong>Faciam</strong></span> <span class='ocrx_word' id='word_1_101' title='bbox 420 1926 516 1986; x_wconf 88' lang='lat' dir='ltr'><strong>hercle</strong></span> <span class='ocrx_word' id='word_1_102' title='bbox 542 1926 649 1984; x_wconf 83' lang='lat' dir='ltr'><strong>sedulo.</strong></span> <span class='ocrx_word' id='word_1_103' title='bbox 698 1925 741 1986; x_wconf 75' lang='lat' dir='ltr'><strong>Si.</strong></span> <span class='ocrx_word' id='word_1_104' title='bbox 769 1925 855 1984; x_wconf 74' lang='lat' dir='ltr'><strong>Potes</strong></span> <span class='ocrx_word' id='word_1_105' title='bbox 880 1945 970 2000; x_wconf 87' lang='lat' dir='ltr'><strong>nunc,</strong></span> 
     </span>
     <span class='ocr_line' id='line_1_19' title="bbox 306 2020 701 2078; baseline 0.003 -1"><span class='ocrx_word' id='word_1_106' title='bbox 306 2021 374 2078; x_wconf 86' lang='lat' dir='ltr'><strong>dum</strong></span> <span class='ocrx_word' id='word_1_107' title='bbox 389 2021 500 2078; x_wconf 80' lang='lat' dir='ltr'><strong>errimus</strong></span> <span class='ocrx_word' id='word_1_108' title='bbox 513 2020 638 2078; x_wconf 79' lang='lat' dir='ltr'><strong>irritatus</strong></span> <span class='ocrx_word' id='word_1_109' title='bbox 651 2030 701 2078; x_wconf 84' lang='lat' dir='ltr'><strong>est.</strong></span> 
     </span>
     <span class='ocr_line' id='line_1_20' title="bbox 189 2111 974 2190; baseline 0.004 -18"><span class='ocrx_word' id='word_1_110' title='bbox 189 2115 251 2174; x_wconf 84' lang='lat' dir='ltr'><strong>Da.</strong></span> <span class='ocrx_word' id='word_1_111' title='bbox 271 2111 423 2175; x_wconf 76' lang='lat' dir='ltr'><strong>Quiescas.</strong></span> <span class='ocrx_word' id='word_1_112' title='bbox 476 2111 519 2170; x_wconf 74' lang='lat' dir='ltr'><strong>si.</strong></span> <span class='ocrx_word' id='word_1_113' title='bbox 541 2115 606 2190; x_wconf 88' lang='lat' dir='ltr'><strong>Age</strong></span> <span class='ocrx_word' id='word_1_114' title='bbox 629 2114 725 2190; x_wconf 83' lang='lat' dir='ltr'><strong>igitur,</strong></span> <span class='ocrx_word' id='word_1_115' title='bbox 750 2115 801 2178; x_wconf 84' lang='lat' dir='ltr'><strong>ubi</strong></span> <span class='ocrx_word' id='word_1_116' title='bbox 823 2135 902 2174; x_wconf 90' lang='lat' dir='ltr'><strong>nunc</strong></span> <span class='ocrx_word' id='word_1_117' title='bbox 926 2126 974 2182; x_wconf 74' lang='lat' dir='ltr'><strong>eet</strong></span> 
     </span>
     <span class='ocr_line' id='line_1_21' title="bbox 137 2192 828 2282; baseline 0.007 -18"><span class='ocrx_word' id='word_1_118' title='bbox 137 2192 143 2203; x_wconf 57' lang='lat'>¹</span> <span class='ocrx_word' id='word_1_119' title='bbox 305 2207 404 2282; x_wconf 82' lang='lat' dir='ltr'><strong>ipsusl</strong></span> <span class='ocrx_word' id='word_1_120' title='bbox 443 2207 505 2265; x_wconf 85' lang='lat' dir='ltr'><strong>Da.</strong></span> <span class='ocrx_word' id='word_1_121' title='bbox 522 2207 680 2266; x_wconf 84' lang='lat' dir='ltr'><strong>&#39;Mirumni</strong></span> <span class='ocrx_word' id='word_1_122' title='bbox 693 2210 828 2269; x_wconf 40' lang='lat' dir='ltr'><strong>domiv’sc</strong></span> 
     </span>
    </p>
   </div>
   <div class='ocr_carea' id='block_1_6' title="bbox 142 2301 968 2530">
    <p class='ocr_par' dir='ltr' id='par_1_6' title="bbox 142 2301 968 2463">
     <span class='ocr_line' id='line_1_22' title="bbox 142 2301 968 2384; baseline 0.005 -22"><span class='ocrx_word' id='word_1_123' title='bbox 142 2311 175 2362; x_wconf 73' lang='lat'><strong>20</strong></span> <span class='ocrx_word' id='word_1_124' title='bbox 188 2303 231 2365; x_wconf 74' lang='lat' dir='ltr'><strong>si.</strong></span> <span class='ocrx_word' id='word_1_125' title='bbox 252 2301 306 2360; x_wconf 92' lang='lat' dir='ltr'><strong>Ibo</strong></span> <span class='ocrx_word' id='word_1_126' title='bbox 316 2303 356 2360; x_wconf 78' lang='lat' dir='ltr'><strong>ed</strong></span> <span class='ocrx_word' id='word_1_127' title='bbox 369 2321 434 2360; x_wconf 90' lang='lat' dir='ltr'><strong>eum</strong></span> <span class='ocrx_word' id='word_1_128' title='bbox 437 2313 543 2379; x_wconf 77' lang='lat' dir='ltr'><strong>,etque</strong></span> <span class='ocrx_word' id='word_1_129' title='bbox 557 2305 657 2364; x_wconf 78' lang='lat' dir='ltr'><strong>eedem</strong></span> <span class='ocrx_word' id='word_1_130' title='bbox 670 2306 731 2372; x_wconf 80' lang='lat' dir='ltr'><strong>liaec</strong></span> <span class='ocrx_word' id='word_1_131' title='bbox 733 2327 819 2384; x_wconf 21' lang='lat' dir='ltr'><strong>,ique</strong></span> <span class='ocrx_word' id='word_1_132' title='bbox 832 2309 885 2366; x_wconf 88' lang='lat' dir='ltr'><strong>tibi</strong></span> <span class='ocrx_word' id='word_1_133' title='bbox 898 2309 968 2381; x_wconf 85' lang='lat' dir='ltr'><strong>dixi,</strong></span> 
     </span>
     <span class='ocr_line' id='line_1_23' title="bbox 242 2399 898 2530; baseline 0.008 -73.522"><span class='ocrx_word' id='word_1_134' title='bbox 242 2399 399 2507; x_wconf 37' lang='lat' dir='ltr'><strong>..dicem</strong></span> <span class='ocrx_word' id='word_1_135' title='bbox 412 2400 511 2458; x_wconf 85' lang='lat' dir='ltr'><strong>itidem</strong></span> <span class='ocrx_word' id='word_1_136' title='bbox 524 2401 574 2530; x_wconf 75' lang='lat' dir='ltr'><strong>illi.</strong></span> <span class='ocrx_word' id='word_1_137' title='bbox 615 2402 677 2461; x_wconf 86' lang='lat' dir='ltr'><strong>Da.</strong></span> <span class='ocrx_word' id='word_1_138' title='bbox 698 2402 805 2461; x_wconf 80' lang='lat' dir='ltr'><strong>Nullus</strong></span> <span class='ocrx_word' id='word_1_139' title='bbox 817 2406 898 2463; x_wconf 77' lang='lat' dir='ltr'><strong>euml</strong></span> 
     </span>
    </p>
   </div>
   <div class='ocr_carea' id='block_1_7' title="bbox 180 2592 968 3158">
    <p class='ocr_par' dir='ltr' id='par_1_7' title="bbox 180 2592 968 3158">
     <span class='ocr_line' id='line_1_24' title="bbox 229 2592 547 2668; baseline 0.009 -20"><span class='ocrx_word' id='word_1_140' title='bbox 229 2595 232 2602; x_wconf 83' lang='lat'>&#39;</span> <span class='ocrx_word' id='word_1_141' title='bbox 303 2592 466 2668; x_wconf 81' lang='lat' dir='ltr'><strong>proficiscar</strong></span> <span class='ocrx_word' id='word_1_142' title='bbox 479 2593 547 2651; x_wconf 72' lang='lat' dir='ltr'><strong>vicl</strong></span> 
     </span>
     <span class='ocr_line' id='line_1_25' title="bbox 180 2686 968 2777; baseline 0.01 -33"><span class='ocrx_word' id='word_1_143' title='bbox 180 2686 268 2758; x_wconf 75' lang='lat' dir='ltr'><strong>,Nihil</strong></span> <span class='ocrx_word' id='word_1_144' title='bbox 292 2697 335 2777; x_wconf 81' lang='lat' dir='ltr'><strong>est</strong></span> <span class='ocrx_word' id='word_1_145' title='bbox 357 2688 436 2763; x_wconf 89' lang='lat' dir='ltr'><strong>preci</strong></span> <span class='ocrx_word' id='word_1_146' title='bbox 458 2689 679 2748; x_wconf 40' lang='lat' dir='ltr'><strong>lccivrelictum.</strong></span> <span class='ocrx_word' id='word_1_147' title='bbox 720 2689 785 2752; x_wconf 84' lang='lat' dir='ltr'><strong>Jam</strong></span> <span class='ocrx_word' id='word_1_148' title='bbox 805 2693 968 2768; x_wconf 84' lang='lat' dir='ltr'><strong>perturbari</strong></span> 
     </span>
     <span class='ocr_line' id='line_1_26' title="bbox 303 2801 416 2842; baseline 0.009 -2"><span class='ocrx_word' id='word_1_149' title='bbox 303 2801 416 2842; x_wconf 86' lang='lat' dir='ltr'><strong>omnm:</strong></span> 
     </span>
     <span class='ocr_line' id='line_1_27' title="bbox 187 2878 966 2960; baseline 0.008 -22"><span class='ocrx_word' id='word_1_150' title='bbox 187 2878 297 2938; x_wconf 85' lang='lat' dir='ltr'><strong>Herum</strong></span> <span class='ocrx_word' id='word_1_151' title='bbox 312 2878 398 2937; x_wconf 79' lang='lat' dir='ltr'><strong>fefelli</strong></span> <span class='ocrx_word' id='word_1_152' title='bbox 406 2897 413 2949; x_wconf 92' lang='lat'>;</span> <span class='ocrx_word' id='word_1_153' title='bbox 435 2879 465 2936; x_wconf 93' lang='lat' dir='ltr'><strong>in</strong></span> <span class='ocrx_word' id='word_1_154' title='bbox 479 2881 591 2956; x_wconf 80' lang='lat' dir='ltr'><strong>nuptias</strong></span> <span class='ocrx_word' id='word_1_155' title='bbox 602 2881 713 2960; x_wconf 82' lang='lat' dir='ltr'><strong>conjeci</strong></span> <span class='ocrx_word' id='word_1_156' title='bbox 727 2883 846 2945; x_wconf 86' lang='lat' dir='ltr'><strong>herilem</strong></span> <span class='ocrx_word' id='word_1_157' title='bbox 859 2881 966 2958; x_wconf 87' lang='lat' dir='ltr'><strong>filium;</strong></span> 
     </span>
     <span class='ocr_line' id='line_1_28' title="bbox 187 2975 968 3060; baseline 0.014 -27"><span class='ocrx_word' id='word_1_158' title='bbox 187 2975 258 3036; x_wconf 81' lang='lat' dir='ltr'><strong>Feci</strong></span> <span class='ocrx_word' id='word_1_159' title='bbox 275 2975 374 3036; x_wconf 81' lang='lat' dir='ltr'><strong>¹hodie</strong></span> <span class='ocrx_word' id='word_1_160' title='bbox 399 2985 431 3034; x_wconf 86' lang='lat' dir='ltr'><strong>ut</strong></span> <span class='ocrx_word' id='word_1_161' title='bbox 457 2975 566 3050; x_wconf 80' lang='lat' dir='ltr'><strong>fierent,</strong></span> <span class='ocrx_word' id='word_1_162' title='bbox 593 2978 755 3057; x_wconf 80' lang='lat' dir='ltr'><strong>impetente</strong></span> <span class='ocrx_word' id='word_1_163' title='bbox 787 2982 853 3056; x_wconf 84' lang='lat' dir='ltr'><strong>hcc,</strong></span> <span class='ocrx_word' id='word_1_164' title='bbox 881 2992 968 3060; x_wconf 80' lang='lat' dir='ltr'><strong>atque</strong></span> 
     </span>
     <span class='ocr_line' id='line_1_29' title="bbox 253 3069 560 3158; baseline -0.007 -24"><span class='ocrx_word' id='word_1_165' title='bbox 253 3121 261 3134; x_wconf 89' lang='lat'><em>.</em></span> <span class='ocrx_word' id='word_1_166' title='bbox 301 3069 560 3158; x_wconf 60' lang='lat' dir='ltr'><strong>inrito&#39;Pempbil&#39;c.</strong></span> 
     </span>
    </p>
   </div>
   <div class='ocr_carea' id='block_1_8' title="bbox 0 0 1084 3538">
    <p class='ocr_par' dir='ltr' id='par_1_8' title="bbox 0 0 1084 3538">
     <span class='ocr_line' id='line_1_30' title="bbox 0 0 1084 3538; baseline 0 0"><span class='ocrx_word' id='word_1_167' title='bbox 0 0 1084 3538; x_wconf 95' lang='lat' dir='ltr'><strong> </strong></span> 
     </span>
    </p>
   </div>
  </div>
 </body>
</html>
