2158 3538
301 324 453 377 ausum
482 321 588 374 mil.
607 323 719 374 lum.
903 313 945 380 Β

419 559 545 618 scuNs
560 559 595 614 II.

370 710 480 768 Sanus.
513 709 639 768 Ssurtro.

150 865 204 943 Sy.
224 865 335 925 Tace!
369 875 482 944 egomet
508 867 676 924 conveniam
700 865 759 944 jam
785 866 897 944 ipsum:
995 909 1000 918 -

232 962 338 1038 cupide
352 963 482 1038 accipiat,
496 963 561 1020 faxo
569 983 577 1034 ;
599 971 685 1038 atque
696 963 783 1022 etiam

111 1053 195 1116 Bene
223 1057 303 1116 dicat
320 1071 425 1117 'secum
459 1076 520 1116 esse
548 1067 651 1117 sctum.
702 1057 787 1122 Quid
813 1059 898 1132 istuc,

236 1153 355 1226 Sannio,
369 1165 420 1226 est,
436 1155 509 1230 quod
522 1163 551 1212 te
566 1146 652 1218 undio
753 1177 757 1184 ·

113 1245 229 1307 Nescio
241 1249 311 1325 quid
324 1252 504 1309 concertasse
525 1269 592 1320 curn
612 1251 705 1309 hercl
745 1250 796 1309 So.
816 1249 900 1314 Nun·

233 1365 316 1421 quem
327 1347 388 1404 'virli
402 1347 529 1422 iniquius

111 1439 368 1506 Concertationenr
395 1433 600 1519 comparatam,
619 1459 704 1519 quam
731 1441 793 1502 heo
813 1443 899 1502 uotis

229 1539 303 1596 inter
317 1558 371 1596 nos
385 1539 454 1597 luit:
540 1535 543 1546 ’

109 1629 176 1710 Ego
201 1629 372 1709 iapulando,
406 1634 465 1692 ille.
480 1633 666 1706 verberando,
694 1651 785 1710 nsque
815 1634 899 1692 ambo

232 1727 336 1786 defessi
350 1749 455 1788 sumus.
549 1735 553 1745 '
912 1745 929 1796 5

114 1823 168 1900 Sy.
189 1823 258 1882 Tne
272 1825 364 1900 culpe.
403 1825 453 1886 Sc.
474 1825 558 1888 Quid
571 1827 708 1904 agereml
748 1824 800 1902 Sy.
822 1823 901 1882 ndo·

231 1921 349 1979 loscenti
363 1941 470 1980 morem
484 1932 595 1999 gestum
610 1921 742 2000 oportuit.

110 2015 165 2074 Sa.
180 2013 249 2079 Qut
273 2018 353 2093 potui
373 2013 485 2090 melius,
500 2019 549 2094 qui
563 2015 649 2076 hodie
669 2033 759 2092 usque
779 2033 812 2074 os
828 2033 901 2093 prm·

201 2141 204 2146 ·
229 2114 300 2172 buil
332 2115 392 2191 aly.
413 2115 489 2192 Age,
503 2115 561 2172 scis
573 2114 642 2191 quid
656 2114 778 2190 loquarl

112 2209 270 2268 Pecuniam
298 2211 328 2268 in
351 2211 416 2270 loco
439 2211 595 2288 negligere,
621 2201 786 2288 maxumum
813 2209 896 2270 inter·

230 2305 481 2365 dum'stlucrurrr.
523 2308 573 2364 Sa.
596 2307 675 2364 Huit

112 2401 166 2479 Sy.
188 2401 327 2474 Metuisti‚
343 2404 367 2460 si
390 2421 469 2460 nunc
492 2403 529 2460 de
551 2413 602 2496 tuo
622 2403 687 2480 jure
707 2402 899 2462 concessisses

229 2499 387 2574 paululum,
403 2507 487 2574 atque
534 2535 537 2545 ·

111 2595 301 2653 Adolescenti
326 2613 403 2653 esses
425 2595 623 2688 morigeratus,
644 2595 791 2700 hominurn
811 2595 899 2696 lrorno

232 2691 431 2764 stultissime,
460 2689 464 2710 ¹
909 2705 943 2756 n

110 2785 160 2846 Ne
186 2803 246 2874 non
271 2786 325 2844 tibi
350 2787 425 2845 istuc
452 2787 630 2888 soeneraretl
662 2785 714 2846 Sc.
735 2787 800 2866 Ego
819 2803 899 2908 spem

230 2881 393 2956 pretionon
407 2895 480 2939 emo.
572 2907 576 2914 ·

110 2977 165 3056 oy.
186 2976 344 3052 Nunquam
364 2995 426 3036 rem
449 2976 556 3036 facies:
577 2976 654 3038 abi!
660 2975 899 3041 ιωοίεωθθῦῑῐθ

231 3073 372 3146 homines,
386 3073 505 3134 Sannio.

353 3169 374 3228 8
382 3167 400 3204 0
