<?xml version="1.0" encoding="UTF-8"?>
<!DOCTYPE html PUBLIC "-//W3C//DTD XHTML 1.0 Transitional//EN"
    "http://www.w3.org/TR/xhtml1/DTD/xhtml1-transitional.dtd">
<html xmlns="http://www.w3.org/1999/xhtml" xml:lang="en" lang="en">
 <head>
  <title>
</title>
<meta http-equiv="Content-Type" content="text/html;charset=utf-8" />
  <meta name='ocr-system' content='tesseract 3.04.00' />
  <meta name='ocr-capabilities' content='ocr_page ocr_carea ocr_par ocr_line ocrx_word'/>
</head>
<body>
  <div class='ocr_page' id='page_1' title='image "./pubterentiiafri01teregoog_0075.png"; bbox 0 0 2158 3538; ppageno 0'>
   <div class='ocr_carea' id='block_1_1' title="bbox 152 331 780 426">
    <p class='ocr_par' dir='ltr' id='par_1_1' title="bbox 152 331 780 426">
     <span class='ocr_line' id='line_1_1' title="bbox 152 331 780 426; baseline -0.011 -21"><span class='ocrx_word' id='word_1_1' title='bbox 152 331 193 405; x_wconf 72' lang='grc'>88</span> <span class='ocrx_word' id='word_1_2' title='bbox 391 335 538 400; x_wconf 65' lang='lat' dir='ltr'>innnrn</span> <span class='ocrx_word' id='word_1_3' title='bbox 553 353 614 401; x_wconf 73' lang='lat' dir='ltr'>nor.</span> <span class='ocrx_word' id='word_1_4' title='bbox 624 351 653 397; x_wconf 90' lang='lat' dir='ltr'>v.</span> <span class='ocrx_word' id='word_1_5' title='bbox 673 351 780 426; x_wconf 64' lang='lat' dir='ltr'>conat.</span> 
     </span>
    </p>
   </div>
   <div class='ocr_carea' id='block_1_2' title="bbox 149 499 1065 2111">
    <p class='ocr_par' dir='ltr' id='par_1_2' title="bbox 149 499 1065 2111">
     <span class='ocr_line' id='line_1_2' title="bbox 198 499 981 578; baseline -0.003 -18"><span class='ocrx_word' id='word_1_6' title='bbox 198 501 250 560; x_wconf 76' lang='lat' dir='ltr'>C&#39;lt.</span> <span class='ocrx_word' id='word_1_7' title='bbox 271 500 414 564; x_wconf 83' lang='lat' dir='ltr'>Andrium</span> <span class='ocrx_word' id='word_1_8' title='bbox 428 519 482 578; x_wconf 85' lang='lat' dir='ltr'>ego</span> <span class='ocrx_word' id='word_1_9' title='bbox 496 501 644 559; x_wconf 76' lang='lat' dir='ltr'><strong>Critonem</strong></span> <span class='ocrx_word' id='word_1_10' title='bbox 658 499 764 558; x_wconf 83' lang='lat' dir='ltr'>videol</span> <span class='ocrx_word' id='word_1_11' title='bbox 785 499 906 558; x_wconf 80' lang='lat' dir='ltr'>certeis</span> <span class='ocrx_word' id='word_1_12' title='bbox 928 509 981 558; x_wconf 70' lang='lat' dir='ltr'>ert.</span> 
     </span>
     <span class='ocr_line' id='line_1_3' title="bbox 315 598 695 669; baseline 0 -15"><span class='ocrx_word' id='word_1_13' title='bbox 315 598 364 655; x_wconf 80' lang='lat' dir='ltr'>Or.</span> <span class='ocrx_word' id='word_1_14' title='bbox 387 599 486 656; x_wconf 84' lang='lat' dir='ltr'>Salvos</span> <span class='ocrx_word' id='word_1_15' title='bbox 500 599 548 669; x_wconf 77' lang='lat' dir='ltr'>sie,</span> <span class='ocrx_word' id='word_1_16' title='bbox 563 598 695 654; x_wconf 84' lang='lat' dir='ltr'><strong>Chreme.</strong></span> 
     </span>
     <span class='ocr_line' id='line_1_4' title="bbox 197 675 1065 765; baseline -0.006 -13"><span class='ocrx_word' id='word_1_17' title='bbox 197 691 249 752; x_wconf 76' lang='lat' dir='ltr'>cl.</span> <span class='ocrx_word' id='word_1_18' title='bbox 263 693 407 758; x_wconf 72' lang='lat' dir='ltr'>Quinto</span> <span class='ocrx_word' id='word_1_19' title='bbox 431 675 574 765; x_wconf 29' lang='lat' dir='ltr'>Athenae*</span> <span class='ocrx_word' id='word_1_20' title='bbox 590 693 742 750; x_wconf 66' lang='lat' dir='ltr'>insolens?</span> <span class='ocrx_word' id='word_1_21' title='bbox 794 691 844 749; x_wconf 81' lang='lat' dir='ltr'>Or.</span> <span class='ocrx_word' id='word_1_22' title='bbox 866 691 981 750; x_wconf 86' lang='lat' dir='ltr'>Evenit.</span> <span class='ocrx_word' id='word_1_23' title='bbox 1064 751 1065 760; x_wconf 18' lang='lat'>¹</span> 
     </span>
     <span class='ocr_line' id='line_1_5' title="bbox 312 791 666 848; baseline -0.006 0"><span class='ocrx_word' id='word_1_24' title='bbox 312 791 369 848; x_wconf 87' lang='lat' dir='ltr'>Sed</span> <span class='ocrx_word' id='word_1_25' title='bbox 385 791 500 848; x_wconf 79' lang='lat' dir='ltr'>hiccine</span> <span class='ocrx_word' id='word_1_26' title='bbox 513 793 548 846; x_wconf 86' lang='lat' dir='ltr'>&#39;st</span> <span class='ocrx_word' id='word_1_27' title='bbox 563 791 666 846; x_wconf 83' lang='lat' dir='ltr'>Simol</span> 
     </span>
     <span class='ocr_line' id='line_1_6' title="bbox 163 883 983 961; baseline -0.002 -17"><span class='ocrx_word' id='word_1_28' title='bbox 163 885 247 944; x_wconf 76' lang='lat' dir='ltr'>cot.</span> <span class='ocrx_word' id='word_1_29' title='bbox 269 886 337 946; x_wconf 89' lang='lat' dir='ltr'>Hic.</span> <span class='ocrx_word' id='word_1_30' title='bbox 379 887 422 945; x_wconf 78' lang='lat' dir='ltr'>st.</span> <span class='ocrx_word' id='word_1_31' title='bbox 444 886 657 961; x_wconf 71' lang='lat' dir='ltr'>Men&#39;aner&#39;isl</span> <span class='ocrx_word' id='word_1_32' title='bbox 678 885 749 942; x_wconf 84' lang='lat' dir='ltr'>eho!</span> <span class='ocrx_word' id='word_1_33' title='bbox 770 895 803 942; x_wconf 90' lang='lat' dir='ltr'>tu</span> <span class='ocrx_word' id='word_1_34' title='bbox 812 883 983 959; x_wconf 86' lang='lat' dir='ltr'>Glycerium</span> 
     </span>
     <span class='ocr_line' id='line_1_7' title="bbox 310 981 637 1040; baseline -0.006 -1"><span class='ocrx_word' id='word_1_35' title='bbox 310 983 380 1039; x_wconf 90' lang='lat' dir='ltr'>hinc</span> <span class='ocrx_word' id='word_1_36' title='bbox 394 983 485 1040; x_wconf 89' lang='lat' dir='ltr'>civem</span> <span class='ocrx_word' id='word_1_37' title='bbox 500 999 561 1038; x_wconf 86' lang='lat' dir='ltr'>esse</span> <span class='ocrx_word' id='word_1_38' title='bbox 577 981 637 1037; x_wconf 83' lang='lat' dir='ltr'>airl</span> 
     </span>
     <span class='ocr_line' id='line_1_8' title="bbox 196 1078 983 1159; baseline -0.006 -19"><span class='ocrx_word' id='word_1_39' title='bbox 196 1081 245 1140; x_wconf 80' lang='lat' dir='ltr'>Or.</span> <span class='ocrx_word' id='word_1_40' title='bbox 267 1081 315 1140; x_wconf 88' lang='lat' dir='ltr'>Tu</span> <span class='ocrx_word' id='word_1_41' title='bbox 329 1083 440 1159; x_wconf 85' lang='lat' dir='ltr'>negasl</span> <span class='ocrx_word' id='word_1_42' title='bbox 481 1079 524 1136; x_wconf 73' lang='lat' dir='ltr'>st.</span> <span class='ocrx_word' id='word_1_43' title='bbox 546 1078 628 1136; x_wconf 88' lang='lat' dir='ltr'>Itane</span> <span class='ocrx_word' id='word_1_44' title='bbox 643 1080 700 1136; x_wconf 91' lang='lat' dir='ltr'>huc</span> <span class='ocrx_word' id='word_1_45' title='bbox 713 1089 828 1154; x_wconf 85' lang='lat' dir='ltr'>paratus</span> <span class='ocrx_word' id='word_1_46' title='bbox 841 1078 983 1135; x_wconf 69' lang='lat' dir='ltr'>advenis?</span> 
     </span>
     <span class='ocr_line' id='line_1_9' title="bbox 313 1175 796 1251; baseline -0.004 -17"><span class='ocrx_word' id='word_1_47' title='bbox 313 1178 362 1235; x_wconf 80' lang='lat' dir='ltr'>Cr.</span> <span class='ocrx_word' id='word_1_48' title='bbox 383 1175 569 1248; x_wconf 67' lang='lat' dir='ltr'>Quiderel</span> <span class='ocrx_word' id='word_1_49' title='bbox 611 1175 653 1232; x_wconf 78' lang='lat' dir='ltr'>Si.</span> <span class='ocrx_word' id='word_1_50' title='bbox 675 1175 796 1251; x_wconf 75' lang='lat' dir='ltr'>Rogas?</span> 
     </span>
     <span class='ocr_line' id='line_1_10' title="bbox 194 1270 985 1348; baseline -0.005 -16"><span class='ocrx_word' id='word_1_51' title='bbox 194 1271 281 1332; x_wconf 85' lang='lat' dir='ltr'>Tune</span> <span class='ocrx_word' id='word_1_52' title='bbox 295 1273 411 1348; x_wconf 86' lang='lat' dir='ltr'>impune</span> <span class='ocrx_word' id='word_1_53' title='bbox 425 1273 486 1328; x_wconf 86' lang='lat' dir='ltr'>haec</span> <span class='ocrx_word' id='word_1_54' title='bbox 501 1271 611 1330; x_wconf 80' lang='lat' dir='ltr'>facinsl</span> <span class='ocrx_word' id='word_1_55' title='bbox 631 1270 762 1328; x_wconf 80' lang='lat' dir='ltr'>tune-hic</span> <span class='ocrx_word' id='word_1_56' title='bbox 773 1270 904 1328; x_wconf 78' lang='lat' dir='ltr'>homines</span> <span class='ocrx_word' id='word_1_57' title='bbox 917 1271 985 1328; x_wconf 84' lang='lat' dir='ltr'>ado-</span> 
     </span>
     <span class='ocr_line' id='line_1_11' title="bbox 308 1354 540 1439; baseline -0.009 -15"><span class='ocrx_word' id='word_1_58' title='bbox 308 1354 492 1439; x_wconf 77' lang='lat' dir='ltr'>lescentulos,</span> <span class='ocrx_word' id='word_1_59' title='bbox 539 1385 540 1390; x_wconf 50' lang='lat'>¹</span> 
     </span>
     <span class='ocr_line' id='line_1_12' title="bbox 193 1459 986 1538; baseline -0.001 -18"><span class='ocrx_word' id='word_1_60' title='bbox 193 1463 345 1538; x_wconf 74' lang='lat' dir='ltr'>Imperitos</span> <span class='ocrx_word' id='word_1_61' title='bbox 372 1478 476 1534; x_wconf 55' lang='lat' dir='ltr'>rerum,</span> <span class='ocrx_word' id='word_1_62' title='bbox 505 1463 624 1520; x_wconf 86' lang='lat' dir='ltr'>eductos</span> <span class='ocrx_word' id='word_1_63' title='bbox 650 1459 749 1534; x_wconf 87' lang='lat' dir='ltr'>libere,</span> <span class='ocrx_word' id='word_1_64' title='bbox 784 1462 814 1520; x_wconf 91' lang='lat' dir='ltr'>in</span> <span class='ocrx_word' id='word_1_65' title='bbox 834 1462 986 1520; x_wconf 76' lang='lat' dir='ltr'>&#39;frondem</span> 
     </span>
     <span class='ocr_line' id='line_1_13' title="bbox 201 1559 419 1621; baseline 0 -6"><span class='ocrx_word' id='word_1_66' title='bbox 201 1608 209 1621; x_wconf 87' lang='grc'><strong>,</strong></span> <span class='ocrx_word' id='word_1_67' title='bbox 309 1559 419 1616; x_wconf 68' lang='grc' dir='ltr'>’ὶΙΙὶοίεΊ</span> 
     </span>
     <span class='ocr_line' id='line_1_14' title="bbox 194 1653 985 1731; baseline 0.001 -19"><span class='ocrx_word' id='word_1_68' title='bbox 194 1653 384 1716; x_wconf 78' lang='lat' dir='ltr'>Sollicitando</span> <span class='ocrx_word' id='word_1_69' title='bbox 398 1665 426 1712; x_wconf 93' lang='lat' dir='ltr'>et</span> <span class='ocrx_word' id='word_1_70' title='bbox 440 1655 626 1731; x_wconf 78' lang='lat' dir='ltr'>pollicitando</span> <span class='ocrx_word' id='word_1_71' title='bbox 637 1673 737 1713; x_wconf 84' lang='lat' dir='ltr'>eorum</span> <span class='ocrx_word' id='word_1_72' title='bbox 750 1655 860 1712; x_wconf 80' lang='lat' dir='ltr'>animoa</span> <span class='ocrx_word' id='word_1_73' title='bbox 870 1654 985 1713; x_wconf 81' lang='lat' dir='ltr'>lactasl</span> 
     </span>
     <span class='ocr_line' id='line_1_15' title="bbox 180 1751 581 1810; baseline 0 0"><span class='ocrx_word' id='word_1_74' title='bbox 180 1755 183 1762; x_wconf 82' lang='lat'>&#39;</span> <span class='ocrx_word' id='word_1_75' title='bbox 313 1751 362 1810; x_wconf 77' lang='lat' dir='ltr'>Or.</span> <span class='ocrx_word' id='word_1_76' title='bbox 385 1753 517 1810; x_wconf 86' lang='lat' dir='ltr'>Sanusne</span> <span class='ocrx_word' id='word_1_77' title='bbox 531 1754 581 1810; x_wconf 85' lang='lat' dir='ltr'>esl</span> 
     </span>
     <span class='ocr_line' id='line_1_16' title="bbox 149 1847 964 1924; baseline 0 -18"><span class='ocrx_word' id='word_1_78' title='bbox 149 1862 180 1912; x_wconf 85' lang='lat'>10</span> <span class='ocrx_word' id='word_1_79' title='bbox 194 1848 247 1906; x_wconf 72' lang='lat' dir='ltr'>ut.</span> <span class='ocrx_word' id='word_1_80' title='bbox 260 1848 306 1906; x_wconf 84' lang='lat' dir='ltr'>Ac</span> <span class='ocrx_word' id='word_1_81' title='bbox 320 1849 498 1906; x_wconf 87' lang='lat' dir='ltr'>meretricios</span> <span class='ocrx_word' id='word_1_82' title='bbox 513 1867 623 1909; x_wconf 70' lang='lat' dir='ltr'>amores,</span> <span class='ocrx_word' id='word_1_83' title='bbox 636 1847 742 1924; x_wconf 85' lang='lat' dir='ltr'>nuptiis</span> <span class='ocrx_word' id='word_1_84' title='bbox 757 1848 964 1924; x_wconf 74' lang='lat' dir='ltr'>conglutinas?</span> 
     </span>
     <span class='ocr_line' id='line_1_17' title="bbox 193 1943 984 2018; baseline -0.004 -15"><span class='ocrx_word' id='word_1_85' title='bbox 193 1945 254 2003; x_wconf 90' lang='lat' dir='ltr'>Pa.</span> <span class='ocrx_word' id='word_1_86' title='bbox 275 1945 370 2003; x_wconf 89' lang='lat' dir='ltr'>Perii!</span> <span class='ocrx_word' id='word_1_87' title='bbox 393 1955 499 2016; x_wconf 80' lang='lat' dir='ltr'>melun,</span> <span class='ocrx_word' id='word_1_88' title='bbox 524 1955 556 2002; x_wconf 89' lang='lat' dir='ltr'>ut</span> <span class='ocrx_word' id='word_1_89' title='bbox 577 1945 820 2018; x_wconf 83' lang='lat' dir='ltr'>substet&#39;hospes.</span> <span class='ocrx_word' id='word_1_90' title='bbox 863 1943 915 2006; x_wconf 78' lang='lat' dir='ltr'>Olr.</span> <span class='ocrx_word' id='word_1_91' title='bbox 939 1945 984 2016; x_wconf 84' lang='lat' dir='ltr'>si,</span> 
     </span>
     <span class='ocr_line' id='line_1_18' title="bbox 309 2036 680 2111; baseline -0.005 -13"><span class='ocrx_word' id='word_1_92' title='bbox 309 2036 402 2111; x_wconf 71' lang='lat' dir='ltr'>Simo,</span> <span class='ocrx_word' id='word_1_93' title='bbox 418 2039 587 2096; x_wconf 76' lang='lat' dir='ltr'>hunc&#39;nriris</span> <span class='ocrx_word' id='word_1_94' title='bbox 601 2039 680 2111; x_wconf 83' lang='lat' dir='ltr'>satis,</span> 
     </span>
    </p>
   </div>
   <div class='ocr_carea' id='block_1_3' title="bbox 194 2132 1065 2196">
    <p class='ocr_par' dir='ltr' id='par_1_3' title="bbox 194 2132 1065 2196">
     <span class='ocr_line' id='line_1_19' title="bbox 194 2132 1065 2196; baseline 0 -3"><span class='ocrx_word' id='word_1_95' title='bbox 194 2136 264 2194; x_wconf 92' lang='lat' dir='ltr'>Non</span> <span class='ocrx_word' id='word_1_96' title='bbox 284 2137 325 2192; x_wconf 87' lang='lat' dir='ltr'>ita</span> <span class='ocrx_word' id='word_1_97' title='bbox 346 2135 499 2192; x_wconf 80' lang='lat' dir='ltr'>arbitrere:</span> <span class='ocrx_word' id='word_1_98' title='bbox 521 2137 614 2196; x_wconf 85' lang='lat' dir='ltr'>bonus</span> <span class='ocrx_word' id='word_1_99' title='bbox 634 2145 677 2192; x_wconf 85' lang='lat' dir='ltr'>est</span> <span class='ocrx_word' id='word_1_100' title='bbox 697 2135 745 2192; x_wconf 89' lang='lat' dir='ltr'>hic</span> <span class='ocrx_word' id='word_1_101' title='bbox 765 2135 814 2193; x_wconf 89' lang='lat' dir='ltr'>vir.</span> <span class='ocrx_word' id='word_1_102' title='bbox 857 2135 900 2194; x_wconf 78' lang='lat' dir='ltr'>Si.</span> <span class='ocrx_word' id='word_1_103' title='bbox 923 2132 985 2194; x_wconf 82' lang='lat' dir='ltr'>Hic</span> <span class='ocrx_word' id='word_1_104' title='bbox 1064 2169 1065 2180; x_wconf 31' lang='grc' dir='ltr'><strong>κ</strong></span> 
     </span>
    </p>
   </div>
   <div class='ocr_carea' id='block_1_4' title="bbox 150 2230 984 3174">
    <p class='ocr_par' dir='ltr' id='par_1_4' title="bbox 311 2230 530 2287">
     <span class='ocr_line' id='line_1_20' title="bbox 311 2230 530 2287; baseline 0 -1"><span class='ocrx_word' id='word_1_105' title='bbox 311 2230 353 2286; x_wconf 79' lang='lat' dir='ltr'>vir</span> <span class='ocrx_word' id='word_1_106' title='bbox 367 2230 403 2286; x_wconf 89' lang='lat' dir='ltr'>sit</span> <span class='ocrx_word' id='word_1_107' title='bbox 417 2231 530 2287; x_wconf 83' lang='lat' dir='ltr'>bonusl</span> 
     </span>
    </p>

    <p class='ocr_par' dir='ltr' id='par_1_5' title="bbox 194 2325 921 2408">
     <span class='ocr_line' id='line_1_21' title="bbox 194 2325 921 2408; baseline 0.003 -25"><span class='ocrx_word' id='word_1_108' title='bbox 194 2325 276 2384; x_wconf 84' lang='lat' dir='ltr'>Itane</span> <span class='ocrx_word' id='word_1_109' title='bbox 291 2334 473 2402; x_wconf 84' lang='lat' dir='ltr'>attemperate</span> <span class='ocrx_word' id='word_1_110' title='bbox 486 2326 564 2384; x_wconf 87' lang='lat' dir='ltr'>venit</span> <span class='ocrx_word' id='word_1_111' title='bbox 578 2326 663 2384; x_wconf 87' lang='lat' dir='ltr'>hodie</span> <span class='ocrx_word' id='word_1_112' title='bbox 677 2327 707 2408; x_wconf 79' lang='lat' dir='ltr'>in</span> <span class='ocrx_word' id='word_1_113' title='bbox 722 2327 790 2402; x_wconf 84' lang='lat' dir='ltr'>ipsis</span> <span class='ocrx_word' id='word_1_114' title='bbox 804 2328 921 2404; x_wconf 91' lang='lat' dir='ltr'>nuptiis,</span> 
     </span>
    </p>

    <p class='ocr_par' dir='ltr' id='par_1_6' title="bbox 194 2420 984 2590">
     <span class='ocr_line' id='line_1_22' title="bbox 194 2420 984 2499; baseline 0.003 -19"><span class='ocrx_word' id='word_1_115' title='bbox 194 2420 234 2480; x_wconf 91' lang='lat' dir='ltr'>Ut</span> <span class='ocrx_word' id='word_1_116' title='bbox 254 2421 363 2483; x_wconf 84' lang='lat' dir='ltr'>veniret</span> <span class='ocrx_word' id='word_1_117' title='bbox 386 2423 511 2480; x_wconf 88' lang='lat' dir='ltr'>antehac</span> <span class='ocrx_word' id='word_1_118' title='bbox 534 2425 702 2499; x_wconf 85' lang='lat' dir='ltr'>nunquaml</span> <span class='ocrx_word' id='word_1_119' title='bbox 750 2422 803 2480; x_wconf 83' lang='lat' dir='ltr'>Est</span> <span class='ocrx_word' id='word_1_120' title='bbox 823 2442 892 2481; x_wconf 87' lang='lat' dir='ltr'>vero</span> <span class='ocrx_word' id='word_1_121' title='bbox 912 2424 984 2484; x_wconf 88' lang='lat' dir='ltr'>huic</span> 
     </span>
     <span class='ocr_line' id='line_1_23' title="bbox 312 2519 764 2590; baseline 0.009 -14"><span class='ocrx_word' id='word_1_122' title='bbox 312 2519 497 2590; x_wconf 82' lang='lat' dir='ltr'>credendum,</span> <span class='ocrx_word' id='word_1_123' title='bbox 512 2520 657 2578; x_wconf 83' lang='lat' dir='ltr'>Chromel</span> <span class='ocrx_word' id='word_1_124' title='bbox 762 2573 764 2580; x_wconf 85' lang='lat'>.</span> 
     </span>
    </p>

    <p class='ocr_par' dir='ltr' id='par_1_7' title="bbox 150 2611 984 2691">
     <span class='ocr_line' id='line_1_24' title="bbox 150 2611 984 2691; baseline 0.006 -22"><span class='ocrx_word' id='word_1_125' title='bbox 150 2619 181 2675; x_wconf 74' lang='lat'>16</span> <span class='ocrx_word' id='word_1_126' title='bbox 194 2611 255 2670; x_wconf 86' lang='lat' dir='ltr'>Pa.</span> <span class='ocrx_word' id='word_1_127' title='bbox 276 2612 318 2670; x_wconf 91' lang='lat' dir='ltr'>Ni</span> <span class='ocrx_word' id='word_1_128' title='bbox 332 2620 456 2670; x_wconf 82' lang='lat' dir='ltr'>metuam</span> <span class='ocrx_word' id='word_1_129' title='bbox 469 2624 588 2689; x_wconf 84' lang='lat' dir='ltr'>patrem,</span> <span class='ocrx_word' id='word_1_130' title='bbox 604 2616 696 2672; x_wconf 81' lang='lat' dir='ltr'>habeo</span> <span class='ocrx_word' id='word_1_131' title='bbox 718 2633 771 2691; x_wconf 90' lang='lat' dir='ltr'>pro</span> <span class='ocrx_word' id='word_1_132' title='bbox 785 2615 835 2673; x_wconf 73' lang='lat' dir='ltr'>ille</span> <span class='ocrx_word' id='word_1_133' title='bbox 848 2635 879 2673; x_wconf 90' lang='lat' dir='ltr'>re</span> <span class='ocrx_word' id='word_1_134' title='bbox 900 2615 984 2674; x_wconf 90' lang='lat' dir='ltr'>illum</span> 
     </span>
    </p>

    <p class='ocr_par' dir='ltr' id='par_1_8' title="bbox 313 2710 646 2786">
     <span class='ocr_line' id='line_1_25' title="bbox 313 2710 646 2786; baseline 0.009 -21"><span class='ocrx_word' id='word_1_135' title='bbox 313 2710 389 2783; x_wconf 91' lang='lat' dir='ltr'>quod</span> <span class='ocrx_word' id='word_1_136' title='bbox 403 2729 535 2767; x_wconf 85' lang='lat' dir='ltr'>moneam</span> <span class='ocrx_word' id='word_1_137' title='bbox 548 2713 646 2786; x_wconf 89' lang='lat' dir='ltr'>probe.</span> 
     </span>
    </p>

    <p class='ocr_par' dir='ltr' id='par_1_9' title="bbox 195 2805 983 2979">
     <span class='ocr_line' id='line_1_26' title="bbox 195 2805 983 2882; baseline 0.001 -17"><span class='ocrx_word' id='word_1_138' title='bbox 195 2805 239 2866; x_wconf 75' lang='lat' dir='ltr'>Si.</span> <span class='ocrx_word' id='word_1_139' title='bbox 268 2805 466 2881; x_wconf 80' lang='lat' dir='ltr'>Sycophanta!</span> <span class='ocrx_word' id='word_1_140' title='bbox 510 2805 558 2863; x_wconf 80' lang='lat' dir='ltr'>Cr.</span> <span class='ocrx_word' id='word_1_141' title='bbox 575 2805 702 2864; x_wconf 51' lang='lat' dir='ltr'>*Heml</span> <span class='ocrx_word' id='word_1_142' title='bbox 727 2807 779 2866; x_wconf 78' lang='lat' dir='ltr'>Olr.</span> <span class='ocrx_word' id='word_1_143' title='bbox 806 2809 872 2880; x_wconf 62' lang='lat' dir='ltr'>Sic„</span> <span class='ocrx_word' id='word_1_144' title='bbox 887 2807 983 2882; x_wconf 86' lang='lat' dir='ltr'>Crito,</span> 
     </span>
     <span class='ocr_line' id='line_1_27' title="bbox 313 2899 915 2979; baseline 0.003 -21"><span class='ocrx_word' id='word_1_145' title='bbox 313 2911 356 2958; x_wconf 84' lang='lat' dir='ltr'>est</span> <span class='ocrx_word' id='word_1_146' title='bbox 369 2899 435 2958; x_wconf 88' lang='lat' dir='ltr'>hic:</span> <span class='ocrx_word' id='word_1_147' title='bbox 456 2901 544 2960; x_wconf 88' lang='lat' dir='ltr'>mitte.</span> <span class='ocrx_word' id='word_1_148' title='bbox 588 2902 638 2960; x_wconf 78' lang='lat' dir='ltr'>Or.</span> <span class='ocrx_word' id='word_1_149' title='bbox 659 2900 774 2976; x_wconf 86' lang='lat' dir='ltr'>Videat,</span> <span class='ocrx_word' id='word_1_150' title='bbox 790 2904 838 2979; x_wconf 89' lang='lat' dir='ltr'>qui</span> <span class='ocrx_word' id='word_1_151' title='bbox 852 2904 915 2961; x_wconf 85' lang='lat' dir='ltr'>siet.</span> 
     </span>
    </p>

    <p class='ocr_par' dir='ltr' id='par_1_10' title="bbox 197 2993 983 3076">
     <span class='ocr_line' id='line_1_28' title="bbox 197 2993 983 3076; baseline 0.001 -19"><span class='ocrx_word' id='word_1_152' title='bbox 197 2997 230 3057; x_wconf 83' lang='lat' dir='ltr'>si</span> <span class='ocrx_word' id='word_1_153' title='bbox 253 2993 323 3057; x_wconf 85' lang='lat' dir='ltr'>milri</span> <span class='ocrx_word' id='word_1_154' title='bbox 343 2997 446 3074; x_wconf 85' lang='lat' dir='ltr'>pergit,</span> <span class='ocrx_word' id='word_1_155' title='bbox 471 3017 534 3073; x_wconf 80' lang='lat' dir='ltr'>quae</span> <span class='ocrx_word' id='word_1_156' title='bbox 554 2997 622 3072; x_wconf 82' lang='lat' dir='ltr'>volt,</span> <span class='ocrx_word' id='word_1_157' title='bbox 643 2999 739 3060; x_wconf 87' lang='lat' dir='ltr'>dicere</span> <span class='ocrx_word' id='word_1_158' title='bbox 750 3019 757 3072; x_wconf 91' lang='lat'>;</span> <span class='ocrx_word' id='word_1_159' title='bbox 779 3019 823 3073; x_wconf 85' lang='lat' dir='ltr'>ea,</span> <span class='ocrx_word' id='word_1_160' title='bbox 838 3011 901 3076; x_wconf 78' lang='lat' dir='ltr'>qnae</span> <span class='ocrx_word' id='word_1_161' title='bbox 921 3017 983 3058; x_wconf 88' lang='lat' dir='ltr'>non</span> 
     </span>
    </p>

    <p class='ocr_par' dir='ltr' id='par_1_11' title="bbox 195 3094 498 3174">
     <span class='ocr_line' id='line_1_29' title="bbox 195 3094 498 3174; baseline 0.003 -21"><span class='ocrx_word' id='word_1_162' title='bbox 195 3166 199 3174; x_wconf 30' lang='grc' dir='ltr'>Ι</span> <span class='ocrx_word' id='word_1_163' title='bbox 272 3147 277 3154; x_wconf 85' lang='grc'>,</span> <span class='ocrx_word' id='word_1_164' title='bbox 313 3095 380 3170; x_wconf 84' lang='lat' dir='ltr'>volt,</span> <span class='ocrx_word' id='word_1_165' title='bbox 395 3094 498 3161; x_wconf 71' lang='lat' dir='ltr'>audiet.</span> 
     </span>
    </p>
   </div>
   <div class='ocr_carea' id='block_1_5' title="bbox 0 0 1089 3538">
    <p class='ocr_par' dir='ltr' id='par_1_12' title="bbox 0 0 1089 3538">
     <span class='ocr_line' id='line_1_30' title="bbox 0 0 1089 3538; baseline 0 0"><span class='ocrx_word' id='word_1_166' title='bbox 0 0 1089 3538; x_wconf 95' lang='lat' dir='ltr'> </span> 
     </span>
    </p>
   </div>
  </div>
 </body>
</html>
