2158 3538
333 311 464 388 euentu.
493 339 556 387 Aer.
565 335 585 386 1.
603 321 682 388 Seru.
693 339 714 388 1.
908 323 946 388 15

103 486 251 550 Procedit:
271 488 432 566 sequimur:
446 487 490 548 ,ad
504 489 667 565 sepulerum
680 487 827 550 venimus:

103 583 136 642 In
147 587 242 663 iguem
254 586 448 663 imposita'et:
465 586 558 645 fletur.
597 586 711 644 Interea
721 585 884 658 heonror,
918 580 922 589 '

99 679 198 742 Quam
212 683 282 756 dixi,
298 683 331 740 ad
347 683 489 740 flammam
505 681 626 739 accessit
639 682 855 759 imprudentius,

102 779 177 836 Satis
188 798 255 836 cum
265 779 393 854 periclo:
413 778 454 836 ibi
464 789 524 835 tum
536 777 711 836 exanimatus
720 777 886 854 Pamphilus

100 873 180 932 Beue
194 875 405 933 dissimulatum
421 893 544 932 amorem
558 884 587 932 et
600 873 724 932 celatum
737 875 852 934 iudicat.
899 871 947 928 1oe

101 970 255 1030 Accurrit:
277 971 402 1029 mediam
416 971 563 1062 mulierem
578 969 796 1047 complectitur.

101 1065 198 1126 “Mea
216 1067 428 1143 Glyceriuml’
450 1067 581 1145 inquit,‘
584 1067 672 1143 ‘quid
694 1062 774 1146 agisl
795 1084 846 1124 cur
859 1075 889 1126 to

220 1163 445 1243 isperdituml”

99 1257 182 1316 Tum
195 1259 254 1331 illa,
269 1269 300 1317 ut
314 1269 481 1319 consuetum
495 1261 581 1320 facile
596 1279 721 1320 amorem
736 1277 878 1333 cernerer,

100 1354 219 1440 Rejeoit
231 1374 263 1414 se
276 1356 305 1414 in
319 1376 394 1430 eum,
409 1357 490 1430 fleus,
504 1377 588 1434 quam
603 1357 788 1416 familiariter.

99 1450 148 1508 So.
169 1450 250 1514 Quid
277 1453 334 1512 aial
389 1453 434 1513 Si.
455 1453 559 1513 Redeo
585 1453 653 1512 iude
679 1453 778 1528 iratus,
803 1461 888 1531 atque

217 1568 292 1627 egre
306 1551 409 1610 lereue.
612 1565 615 1572 ’
681 1561 688 1580 “
872 1552 946 1649 ι110

99 1642 166 1702 Nec
180 1647 249 1704 eatis
262 1645 298 1704 ed
312 1645 523 1724 objurgandum
536 1664 639 1706 ceute.
680 1642 808 1720 Diceret,

101 1745 120 1775 ‘⁴
129 1740 214 1800 Quid
228 1741 303 1799 fecii
324 1742 394 1816 quid
408 1741 575 1814 commerui,
587 1753 635 1801 aut
646 1744 776 1818 peccavi,
786 1743 887 1820 poteri

100 1835 181 1898 Quae
194 1851 259 1894 eece
272 1837 303 1894 in
316 1836 414 1913 iguem
428 1835 547 1912 injicere
548 1835 649 1894 voluit
651 1839 841 1914 ,prohibui;
900 1899 907 1913 ,
925 1841 930 1854 '

101 1932 265 1993 Servaviw
287 1931 573 1992 houeataor‘etioest
613 1931 661 1990 So.
682 1931 886 2016 Recteputap.

100 2027 132 2086 N
134 2047 179 2086 aur
193 2047 218 2086 ar
210 2027 320 2086 illum·
327 2027 470 2106 objurges,
485 2028 548 2086 uitae
563 2015 611 2104 qui
626 2029 762 2088 auxilium
775 2031 850 2106 tulit,
900 2039 947 2090 115

99 2122 185 2186 Quid
198 2124 288 2185 facias
300 2124 341 2182 illi
344 2143 412 2202 ,qur
404 2124 534 2183 'dederit
547 2125 683 2184 damnum
697 2138 746 2186 aut
759 2129 921 2195 maluml.

100 2221 145 2280 ui.
166 2221 255 2280 Venit
268 2221 408 2280 Chremes
420 2223 558 2299 postridie
572 2225 608 2282 ud
622 2244 677 2298 me,
690 2226 855 2300 clamitans¹

101 2317 257 2396 Indignum
271 2317 400 2376 facinus!
422 2320 605 2396 comperisse,
619 2321 801 2398 Pamphilum

100 2414 160 2474 Pro
179 2433 267 2472 uxore
287 2415 393 2474 habere
412 2415 488 2475 hauc
506 2417 696 2496 peregrinam.
737 2415 802 2498 Ego
816 2417 887 2478 illud

219 2511 319 2570 sedulo

100 2605 221 2686 Negare
233 2608 357 2668 factum:
376 2607 526 2669 ille'iustat
539 2610 663 2670 sactum:
685 2609 810 2688 denique
899 2624 946 2676 120

99 2703 147 2762 ua
161 2714 222 2762 tum
236 2703 353 2764 ulmeio
368 2706 404 2764 ab
418 2707 477 2778 ruo,
490 2717 523 2764 ut
536 2690 584 2783 qiu
599 2705 731 2764 seuam

100 2796 200 2878 Neget
210 2801 350 2860 daturum.
391 2802 438 2860 So.
460 2799 529 2860 Non
539 2812 571 2860 tu
584 2801 624 2860 ibi
635 2813 753 2881 gnatum
764 2843 863 2871 .....
872 2807 886 2865 l

206 2897 263 2981 'Si
284 2897 332 2956 Ne
346 2899 408 2956 haeo
421 2898 538 2974 quidem

100 2992 711 3074 Satiovehemeusoaueaadobjurgeudum.
750 2995 799 3056 So.
812 2993 886 3069 Qut,

220 3089 314 3149 cedol
