2158 3538
307 467 440 518 onoma,
469 467 533 514 Aca.
544 465 588 514 111.
606 464 716 512 8111ιὼ
899 457 938 521 ss

111 615 158 674 Ne
178 625 213 674 tu
236 615 294 676 boo
317 616 389 674 mihi
411 614 555 691 posterius
577 613 666 685 dions,
689 611 764 672 Dari
787 611 894 674 laetum

225 713 359 784 oonsilio,
376 721 425 768 aut
437 711 520 766 dolis

106 805 229 874 Prorsus
254 827 271 868 a
294 826 341 864 me
366 805 532 880 opinionem
555 803 630 862 hano
653 813 731 862 tuam
754 822 817 864 esse
838 823 894 886 ego

226 883 351 968 arnotain
365 901 438 960 volo,
567 951 573 966 ,
907 905 939 956 ω

105 999 151 1056 si.
172 999 259 1058 Unde
273 1000 304 1055 id
324 998 403 1056 soisl
442 997 502 1054 Da.
524 996 642 1069 Audivi,
657 1007 686 1056 at
699 997 803 1056 oredo:
823 998 895 1056 marl·

224 1105 257 1160 ta
270 1104 444 1160 eononrrunt
457 1093 551 1164 simul,

90 1189 172 1252 Qut
184 1191 378 1265 conjecturam
389 1190 463 1254 hanc
473 1209 551 1252 nuno
565 1190 664 1268 facio„
687 1190 756 1256 ¹Jarn
770 1190 894 1268 primum

229 1282 289 1344 lraeo
297 1305 332 1346 se
345 1305 361 1343 e
374 1286 525 1361 Pamphilo

106 1381 261 1439 Gravidam
272 1383 341 1440 dixit
352 1401 415 1440 esse
428 1403 434 1439 :
457 1368 603 1440 inventurn
615 1385 650 1440 'st
661 1383 782 1441 salsum:
802 1401 891 1457 nuno,

220 1489 370 1554 postquam
383 1479 464 1542 sidet
507 1487 510 1494 '

104 1573 228 1649 Nuptias
242 1575 319 1632 domi
335 1571 481 1650 apparari‚'
491 1575 578 1632 missa
590 1585 633 1640 est
648 1575 753 1634 aneilla
766 1575 845 1634 illioo

103 1669 298 1731 Obstetricem
323 1671 490 1727 arcessitum
515 1671 550 1728 ad
574 1690 646 1744 sem,
668 1681 697 1728 et
719 1690 840 1747 puerum
860 1680 893 1730 ut

226 1765 442 1834 afferretsimul.
544 1825 545 1833 ¹
905 1771 936 1824 ³⁵

105 1858 176 1917 Hoo
189 1860 245 1917 nisi
259 1861 299 1932 fit,
312 1880 433 1936 puerum
444 1872 476 1918 nt
489 1873 521 1920 tu
534 1863 642 1934 videas,
657 1861 729 1919 nihil
743 1871 892 1920 moventur

160 2025 162 2031 .
224 1957 338 2032 nuptiae.
422 2024 427 2033 ι

102 2051 147 2130 δί
169 2051 252 2113 Quid
267 2053 328 2110 aisl
349 2073 415 2111 ourn
429 2043 611 2112 intellexeras

101 2146 138 2206 Id
157 2149 273 2206 consilii
293 2167 412 2226 aspere,¹
421 2170 477 2228 aur¹
492 2171 551 2210 non
568 2151 640 2210 dixti
654 2151 796 2228 extemplo
809 2150 891 2210 Parn-

220 2245 321 2321 philol
864 2227 869 2241 ⁸
897 2233 902 2243 ¹

101 2339 166 2399 Da.
186 2340 264 2402 Quis
278 2341 371 2418 igitur*
380 2361 447 2405 eum
463 2344 499 2400 ab
512 2343 562 2400 illa
583 2343 727 2415 abstraxit,
741 2343 798 2406 nisi
812 2346 889 2422 egel
978 2389 984 2399 .

219 2455 286 2494 narn
300 2455 400 2498 omnen
414 2457 468 2496 nos
480 2439 597 2513 quidem
652 2433 653 2438 '
931 2436 938 2447 “

102 2531 228 2604 Scimus,
250 2553 335 2608 quam
355 2535 460 2592 missas
479 2536 554 2592 hano
582 2536 699 2596 amlrit:
720 2543 807 2596 'nimo
833 2535 889 2596 ribi

220 2647 337 2688 uxorem
351 2631 466 2708 expetit.
508 2689 515 2700 f
902 2651 935 2702 ⁴0

9 2735 10 2739 ’
98 2723 250 2782 Postremo
270 2725 300 2782 id
320 2726 391 2784 mihi
405 2726 442 2784 da
455 2725 569 2804 negoti:
590 2737 731 2788 tutamen
745 2729 822 2788 idem
836 2730 888 2787 hns

219 2821 333 2896 nuptias

98 2916 200 2995 Perge·
214 2917 309 2976 faeere
328 2917 377 2990 ita,
392 2927 424 2976 ut
444 2918 530 2979 faeie:
550 2930 581 2978 et
594 2920 624 2978 id
638 2937 721 2996 spero
742 2921 888 2997 adjuturos

218 3013 305 3072 Deos.
406 3069 410 3080 ,
457 3025 460 3030 “

97 3107 143 3168 Si.
164 3107 260 3168 Immo
283 3109 329 3168 abi
351 3110 445 3170 intro:
467 3110 508 3168 ibi
528 3128 576 3168 me
596 3111 738 3186 opperire,
760 3119 790 3166 ot
810 3107 889 3183 quod

219 3214 320 3282 parato
333 3221 406 3279 opus
419 3214 472 3278 est,
485 3218 563 3280 para
