2158 3538
139 471 179 530 44
368 475 500 526 Annum
528 477 591 526 mor.
605 477 649 524 111.
668 477 745 528 flens.
755 477 777 526 ³.

149 661 155 679 ι
184 625 340 688 Reducunt
353 627 478 710 animum
493 637 630 705 egrotum
645 627 681 684 nd
694 625 933 700 misericordiam,

184 718 308 782 Uxorem
322 725 429 808 demus.
471 726 572 800 Spero,
587 723 794 782 consuetudine

184 819 223 878 Et
236 821 371 898 conjugio
383 821 494 878 liberali
508 821 682 892 devinctum,
697 821 830 892 Chreme,

139 919 172 970 ³⁰
185 915 261 975 Dein
275 917 359 976 facile
373 917 478 978 exiliis
491 935 554 974 sese
568 933 743 974 emersurum
757 916 847 974 mulis.

186 1012 238 1074 vt.
259 1013 329 1071 Tibi
343 1015 384 1072 its
396 1014 454 1072 boo
465 1012 592 1072 ridetur:
615 1021 643 1070 ut
656 1031 710 1090 ego
724 1030 880 1109 nonpossc
894 1012 970 1070 arbi·
1070 1002 1074 1063 ζ

182 1205 286 1282 Neque
299 1121 387 1264 tilidin
411 1205 495 1263 banc
508 1214 646 1284 perpetuo
666 1204 783 1277 bebere,
804 1223 899 1280 neque
919 1222 968 1265 uro

368 1301 415 1363 eti,

182 1396 225 1454 Si.
245 1320 380 1458 Quiesizds
393 1415 462 1473 ergo
476 1395 560 1468 istuc,
574 1392 631 1459 nisi
642 1395 802 1472 periculum
816 1397 941 1454 seceris?

184 1491 235 1550 Ob.
257 1493 298 1550 At
311 1491 385 1550 istuc
398 1493 558 1568 periculum
572 1493 601 1550 in
615 1493 674 1550 filis
687 1493 759 1565 fieri,
773 1511 861 1570 grave
871 1502 924 1550 est.
973 1507 976 1514 ·

136 1595 168 1644 :n
181 1587 224 1646 st.
245 1587 359 1664 Nempe
383 1588 601 1664 incommoditas
625 1588 749 1664 denique
781 1589 839 1646 huc
871 1587 968 1646 omnis

231 1676 251 1738 '.
298 1685 390 1742 redit':

181 1779 214 1838 si
227 1781 348 1854 eveniat,
363 1781 439 1856 quod
452 1780 491 1839 Di
505 1782 684 1858 prohibeant,
699 1779 845 1838 discessio.

181 1878 222 1935 At
236 1877 259 1935 si
273 1875 435 1956 corrigitur,
450 1886 519 1953 quot
532 1877 759 1949 commoditates,
773 1876 845 1937 vide.

180 1972 337 2050 Principio,
352 1975 445 2032 emico
458 1974 548 2032 filium
562 1973 738 2032 restitueris:
754 2030 757 2040 ,

180 2067 250 2126 Tibi
264 2089 401 2146 generum
414 2070 536 2140 firmum,
551 2079 579 2126 et
593 2069 658 2128 ffliae
672 2069 800 2126 invenies
813 2068 913 2126 virum.

133 2170 166 2220 40
183 2163 234 2221 ot.
255 2164 337 2225 Quid
350 2165 444 2222 istuct
464 2164 489 2222 si
502 2164 543 2222 ita
553 2165 630 2223 istuc
641 2165 767 2224 animum
778 2163 890 2224 induxti
900 2183 965 2224 esse

297 2259 376 2330 utile,
515 2246 523 2260 '

134 2357 138 2374 ”
179 2353 257 2412 ΝοΙο
266 2352 323 2412 ‘tibi
336 2355 426 2412 ullum
440 2351 623 2414 commodum
637 2356 667 2414 in
680 2377 726 2414 me
740 2357 875 2416 claudier.

179 2450 222 2507 st.
244 2449 350 2510 Merito
363 2461 392 2508 te
406 2470 516 2527 semper
530 2454 653 2510 maxumi
669 2453 734 2526 feci,
749 2453 882 2512 Chreme.

32 2549 41 2574 ⁸
141 2592 147 2605 .
182 2541 232 2622 Gt.
255 2546 314 2604 Sed
334 2547 401 2621 quid
423 2548 485 2606 nist
533 2549 576 2608 st.
596 2544 708 2614 Quint,
750 2549 801 2608 ot.
821 2549 885 2612 Qut
905 2549 964 2608 scis

124 2641 133 2667 ⁴
295 2659 345 2699 eos
359 2663 437 2701 nunc
450 2643 614 2702 discordare
628 2645 701 2702 inter
716 2645 766 2702 sei

35 2777 39 2786 .
88 2811 91 2816 1
178 2737 222 2795 Si.
243 2737 339 2814 Ipsus,
353 2737 424 2800 mibi
450 2725 557 2811 Durus,
581 2740 630 2815 qui
652 2740 770 2816 intimus
793 2751 836 2800 est
859 2760 962 2800 eorum

294 2833 432 2906 consiliis,
446 2835 525 2893 dixit.
875 2903 883 2922 ι

132 2939 165 2988 45
178 2928 217 2988 m
239 2928 263 2988 is
284 2930 354 2987 mihi
378 2931 487 3004 suadet,
502 2931 625 3007 nuptias,
639 2943 777 3008 quantum
799 2953 912 3010 queem,
928 2943 962 2994 ut

257 3053 261 3088 :
293 3035 441 3098 maturem.

177 3119 260 3184 Huni
280 3140 381 3186 cemes
409 3125 526 3202 faceret,
545 3125 635 3188 filium
661 3127 717 3191 nisi
743 3127 831 3188 sciret
856 3125 961 3188 erdem

293 3220 355 3286 hcc
368 3221 459 3283 vellet
