2190 3540
162 315 224 374 '11⁰
395 325 546 374 uuuurur
574 325 689 374 scnrv.
708 325 816 378 aaut.

211 471 294 530 Prius
319 489 377 530 non
405 473 591 550 oppressisset
616 473 687 546 illio,
707 492 793 550 quam
812 473 872 532 huo
890 473 997 532 revorti

325 579 420 644 posset
433 571 544 628 iterum.

165 673 195 724 10
210 663 240 722 N
242 683 299 722 uno
312 665 361 723 ubi
372 684 418 722 me
432 666 491 724 illio
504 684 563 724 non
576 665 693 737 videbit,
704 665 763 742 jam
776 666 835 724 hue
855 675 996 740 recurret,

327 771 370 818 sat
383 761 452 819 soio.

210 855 361 934 Rogitabit
375 876 431 929 rrae,
445 858 495 916 ubi
509 857 611 916 fuerim
623 877 638 928 3¹
652 873 737 931 quem
751 874 806 934 ego
825 855 913 914 hodie
933 865 996 914 toto

325 972 384 1010 non
397 953 525 1012 vididie.

208 1047 291 1111 Quid
304 1051 420 1106 dioami
460 1050 511 1124 Sy.
533 1047 652 1106 Nihilne
673 1048 703 1105 in
726 1057 852 1106 mentem
865 1090 879 1110 ,.
901 1091 907 1104 .
930 1087 938 1104 .
959 1049 994 1105 ,i

327 1145 372 1202 Ct.
404 1143 560 1218 Nunquam
593 1144 757 1219 quidquam.
811 1142 862 1218 Sy.
893 1141 994 1200 Tanto

324 1240 453 1314 nequior.
867 1277 869 1286 ι

208 1336 316 1408 cliens,
345 1336 466 1406 amicus,
492 1335 604 1410 hospes,
626 1353 712 1392 nemo
734 1335 770 1392 ’st
791 1333 891 1392 vobis?
944 1334 991 1393 Gt.

324 1432 415 1488 Sunt:
437 1431 504 1505 quid
518 1433 637 1506 postea?

206 1527 258 1602 Sy.
279 1527 369 1584 Hisce
382 1545 469 1602 opere
482 1538 513 1584 ut
527 1517 593 1584 data
606 1527 650 1584 sit
694 1527 738 1584 Gt.
758 1527 835 1590 Quae
849 1545 917 1600 non„
926 1527 993 1584 data

322 1623 380 1681 siti
400 1641 458 1680 non
470 1633 562 1699 potest
576 1623 645 1680 fieri.
687 1623 738 1699 Sy.
760 1623 864 1682 Potest.
909 1651 913 1660 v

161 1726 191 1776 15
208 1718 252 1778 Gt.
274 1717 418 1778 Interdiu:
440 1720 489 1776 sed
514 1720 543 1776 ri
562 1719 611 1777 hio
635 1730 784 1794 perdocto,
806 1735 900 1777 cause
922 1718 992 1794 quid

211 1845 215 1854 ·
323 1817 427 1885 diuum,
443 1817 534 1892 Syrei

205 1914 258 1990 Sp.
279 1914 343 1972 Vah
356 1914 362 1970 1
384 1931 468 1988 quam
483 1912 583 1970 vellem
598 1911 682 1970 etiam
697 1921 785 1970 nootu
800 1911 900 1970 amieis
925 1929 993 1988 ope-

224 2005 226 2010 ’
323 2027 382 2066 ram
397 2007 629 2066 mosessetdari.
718 2065 720 2072 ,

205 2106 331 2167 Quinta
352 2105 460 2160 otiosus
483 2123 532 2160 es:
562 2123 616 2180 ego
640 2103 716 2160 iliius
736 2121 851 2160 sensum
869 2103 992 2178 pulchre

138 2236 155 2265 .-
262 2229 267 2240 x
323 2200 422 2256 calleo.

206 2295 279 2351 Cum
296 2295 377 2352 servit
391 2314 532 2365 maxume,
556 2306 612 2352 tam
636 2295 781 2370 placidum
801 2313 886 2369 quam
907 2313 992 2352 ovem

271 2426 277 2439 ·
322 2390 418 2448 rdddo.
464 2391 514 2448 Cu·
529 2391 600 2452 Quo
615 2390 722 2446 modo?
777 2449 778 2452 ,
899 2409 901 2416 ’
967 2407 969 2414 ’

206 2484 257 2559 Sy.
280 2485 436 2542 Laudarier
460 2496 488 2542 te
502 2485 581 2542 audit
600 2484 738 2542 libenter:
760 2483 835 2540 facio
854 2493 883 2540 te
914 2483 992 2558 apud

216 2601 230 2626 t
323 2581 403 2640 ilium
418 2581 532 2637 Deum:
1079 2577 1080 2586 ’

159 2685 189 2735 20
206 2675 436 2734 Virtutes‘narro.
480 2675 526 2731 Gt.
548 2674 651 2732 Messi
692 2675 743 2751 Sy.
765 2675 862 2734 Tuas:
877 2675 992 2735 homiui
1079 2675 1080 2684 ’

196 2793 207 2811 ‚-
242 2799 245 2808 ¹
321 2771 674 2846 illiouiaorymaeoaduut,
730 2797 765 2838 ·,

204 2869 298 2934 Quasi
322 2886 420 2944 puero,
445 2868 558 2945 gaudio,
600 2867 676 2926 Hem
700 2868 752 2926 riui
775 2869 888 2926 autem!
941 2868 992 2928 Gt.

320 2965 469 3028 Quidnam
483 2966 545 3023 esti
585 2964 638 3042 Sy.
659 2965 760 3042 Lupus
770 2965 802 3024 in
813 2964 921 3027 fatuit.
