2190 3540
164 348 222 410 rm
383 355 534 407 tuemur.
563 355 677 406 socru.
695 355 802 404 scm

204 505 258 584 Sy.
279 503 376 565 Rideo
390 505 486 565 hunc:
505 505 628 582 primum
643 504 682 564 cit
701 523 732 563 sc
752 504 845 564 scire:
866 502 891 562 is
911 503 992 567 solus

320 602 413 662 nescit
426 602 530 660 omnia.

160 696 261 756 love.
282 695 372 756 Nunc
394 697 498 756 redeo:
520 697 544 756 si
568 697 641 756 forte
664 697 749 756 freter
770 695 896 766 redierit,
917 697 989 756 viso.
1082 713 1083 730 ³

322 792 368 851 Gt.
391 795 472 869 Syre,

203 886 344 960 Obsecro,
357 889 432 961 vidc,
446 909 483 948 ne
497 889 544 948 ille
558 890 613 948 buc
627 906 741 964 prorsus
754 906 786 946 se
796 887 892 946 irruat.
933 887 989 965 Sy.
1082 919 1083 930 κ

321 984 417 1042 Etiam
430 987 529 1042 taccsl

203 1077 269 1158 Ego
295 1082 411 1139 cavebo.
462 1080 507 1138 Gt.
529 1079 685 1154 Nunquam
706 1079 802 1137 hercle
825 1079 911 1137 hodie
931 1097 989 1158 ego

320 1175 394 1233 istuc
408 1175 581 1234 committam
595 1174 664 1232 tibi:

203 1269 280 1328 Num
293 1290 339 1329 me
350 1273 408 1348 jum
422 1273 452 1330 in
463 1272 567 1330 cellam
583 1251 705 1346 aliquam
719 1265 855 1328 cum'illd
869 1271 988 1328 conclu·
1082 1285 1083 1314 t

319 1367 403 1424 dam:
425 1368 454 1424 id
468 1367 639 1424 tutissimum
653 1367 698 1425 'st'

201 1459 255 1536 Sy.
274 1461 351 1537 Age,
366 1471 459 1519 temen
483 1481 537 1538 ego
561 1463 639 1520 huuc
662 1461 807 1520 amovebo.
847 1459 905 1522 De.
927 1463 988 1524 Sed
1082 1451 1083 1500 ἒ

319 1575 421 1614 eccum
435 1557 605 1616 sceleratum
620 1557 733 1633 Syrum.

158 1657 189 1708 15
201 1650 255 1728 Sy.
275 1650 345 1710 Non
360 1652 455 1712 hercle
468 1654 516 1712 bic
530 1655 646 1730 quidem
659 1654 761 1714 durare
781 1653 941 1731 quisquam,
961 1654 987 1714 si

318 1747 361 1806 sic
374 1748 415 1820 fit,
428 1760 529 1825 potest.
553 1803 555 1818 ,

201 1842 286 1904 scire
300 1845 433 1920 equidem
447 1847 521 1918 volu,
535 1855 604 1921 quot
617 1846 688 1906 mihi
700 1845 759 1906 sim
771 1847 900 1908 domici:
921 1865 987 1926 quc

319 1941 381 1999 brec
394 1951 437 1998 est
450 1942 583 2000 miseriti

202 2033 261 2094 De·
281 2035 365 2098 ocu
379 2037 426 2094 rue
440 2037 562 2114 ganniit
582 2021 650 2113 qm
663 2037 747 2098 volu
760 2039 895 2116 quum,
908 2040 987 2100 bone

206 2122 209 2128 ’
319 2132 383 2189 virt
403 2142 446 2189 est
460 2132 543 2190 frater
557 2132 654 2190 domil

200 2225 253 2304 Sy.
274 2223 366 2298 Quid,
393 2227 514 2284 malum!
547 2229 652 2287 “boue
668 2229 745 2298 .vir‚”
770 2229 840 2290 mibi
863 2233 997 2290 corruel.

318 2322 451 2396 equidem
462 2322 542 2398 perii.
583 2323 640 2382 Dc.
660 2323 742 2387 Quid
755 2323 807 2384 tibi
821 2327 884 2384 estl

201 2417 253 2494 Sy.
275 2417 417 2494 Rogitusl
458 2417 593 2494 Ctesipho
606 2438 652 2480 mc
664 2421 768 2498 pugnis
788 2421 934 2496 miserum,
956 2433 986 2480 et

318 2513 398 2572 istum
413 2513 567 2588 psaltriam,
776 2533 778 2538 ·
970 2550 971 2554 =

155 2605 298 2682 mUsque
321 2609 435 2666 occidit.
477 2609 533 2667 De.
556 2610 647 2667 Hem!
679 2612 747 2687 quid
762 2615 887 2672 rnurrosl
927 2615 983 2692 Sy.
1082 2699 1083 2724 1

317 2703 393 2762 Hom
405 2705 413 2761 l
432 2703 506 2775 vide,
521 2714 553 2762 ut
564 2705 680 2764 discidit
693 2707 812 2768 labrum.

200 2800 257 2862 De
286 2799 506 2862 Quamobrem?
559 2799 619 2876 Sy?
642 2801 693 2860 Me
726 2803 879 2880 impulsore
905 2805 984 2864 huuc
1082 2813 1083 2816 ’

264 2903 266 2910 ’
316 2906 421 2956 emtum
444 2914 506 2956 esse
531 2897 577 2956 cit
626 2893 684 2978 Dc.
704 2899 825 2960 Noctu
847 2920 983 2963 sumrus

316 2992 384 3052 binc
397 2993 483 3051 modo
